=LDR  05734cgm a2200721 a 4500
=001  000031372
=003  NNU
=004  000031372
=005  20141125153847.0
=006  m\\\\\\\\z\\\\\\\\
=007  vd\bvaizu
=007  vf\biahou
=007  cr\cna
=007  cr\|||||||||||
=007  vd\bvaizu
=008  080503s1970\\\\nyu085\\\\\\\\\\\\vleng\d
=024  7\$aHI2007_255_01$2nyu-hidvl
=035  \\$a(NYU)NYUb13610655
=040  \\$aNNU$cNNU$eamim
=041  0\$aeng
=245  00$aDionysus in 69 (digitally re-rendered)$h[videorecording].
=246  3\$aPerformance Group presents Dionysus in 69
=246  3\$aD69
=246  1\$iTitle incorrectly entered on DVD:$aDoinysus in 69
=260  \\$c1970.
=300  \\$3viewing copy.$a1 videodisc of 1 (DVD) (85 min.) :$bsd., b&w. ;$c4 3/4 in.
=300  \\$3master.$a1 videocassette of 1 (Digital Betacam) (85 min.) :$bsd., b&w. ;$c1/2 in.
=490  1\$aRichard Schechner's Productions collection
=530  \\$aAlso available online as streaming video.
=546  \\$aIn English.
=500  \\$aTitle supplied by Hemispheric Institute.
=500  \\$aPart of the Hemispheric Institute Digital Video Library.
=534  \\$pMedia source original:$e1 videocassette of 1 (VHS) : sd., col. ; 1/2 in. SP.$mMaxell ST-126.
=518  \\$aTheater production performed at the Performing Garage, New York City, in 1967-1968; Film released on March 22, 1970.
=508  \\$aRichard Schechner, director for the stage, producer ; The Performance Group, producer ; a film by Brian De Palma, Robert Fiore, Bruce Rubin ; based on 'The Bacchae' by Euripides ; William Arrowsmith, translator of Euripides' text ; Michael Kirby, Jerry Rojo, environment ; Richard Schechner & The Performance Group, adaptation, lights, costumes.
=511  1\$aWilliam Finley (Dionysus), William Shephard (Pentheus), Joan MacIntosh (Agave), Ciel (Priscilla) Smith (Agave), Patrick McDermott (Tiresias), Richard Dia (Cadmus), Remi Barclay (Chorus), Jason Bosseau (Chorus), Samuel Blazer (Chorus), Margaret Ryan (Chorus).
=520  \\$a'Dionysus in 69' is the first performance of The Performance Group that emerged in 1968 from a workshop led by Richard Schechner in November 1967 shortly after he arrived from Tulane University to teach at NYU. 'D69' was the first environmental theater production shown at the Performing Garage, the long-time home of TPG and later, the Wooster Group that emerged in 1980 from TPG. A free-wheeling adaptation and distortion of Euripides' 'The Bacchae', 'D69' is notable for the combination of a number of 'firsts' for the New York theater, including audience participation, man-to-man kissing, and full-frontal nudity of both women and men. The Performing Garage was filled with platforms and towers, the floor covered with carpets. There were no seats which meant that performers and spectators shared the space, sitting on the floor or perched on scaffolds. 'D69' was created during a long period of workshops and rehearsals. 
=520  \\$aThe production - like all of Schechner's work that followed - was never finished. Before each performance, Schechner gave extensive notes and made many revisions. Over the 14-month run, the roles were rotated among the cast, including a woman playing the god Dionysus (Joan MacIntosh). The Performance Group used their performances as a means of confronting the psychic, physical, social, and political work of the performer and the spectator. The film was made by De Palma and his colleagues from footage shot during two in June and July, 1968. The film uses two screen images shown simultaneously to give some feel of the totally inclusive environmental theater technique pioneered by Schechner. Richard Schechner is a theater director, performance theorist and university professor known for being one of the founders of the academic discipline of Performance Studies at Tisch School of the Arts, New York University.   
=520  \\$aSchechner combines his work in anthropology with innovative approaches to performance of all kinds including ritual, drama, environmental theater, political rallies, dance, music, etc. in order to consider how performance can be understood not just as an object of study, but also as an active intellectual-artistic practice. He is the editor of 'TDR: The Journal of Performance Studies.' His books include 'Environmental Theater,' 'The Future of Ritual,' 'Performance Theory,' 'Between Theater and Anthropology' and 'Performance Studies: An Introduction.' As of 2007, his books have been translated into 14 languages.  
=540  \\$aThere are copyright restrictions on this collection. For more information, go to the online version of this video.
=600  00$aDionysus$c(Greek deity)$vDrama.
=600  00$aEuripides.$tBacchae$vAdaptations.
=650  \0$aBacchantes$vDrama.
=600  00$aPentheus$cKing of Thebes (Mythological character)$vDrama.
=653  \\$aEnvironmental theater
=655  \7$aEnvironmental theater.$2nyu-hidvl
=655  \7$aExperimental theater.$2nyu-hidvl
=655  \7$aFilm.$2nyu-hidvl
=655  \7$aPerformance.$2nyu-hidvl
=655  \7$aPerformance documentation.$2nyu-hidvl
=655  \7$aTheater.$2nyu-hidvl
=700  1\$aSchechner, Richard,$d1934-$4pro$4drt
=700  1\$aDe Palma, Brian.$4flm
=700  1\$aFiore, Robert.$4flm
=700  1\$aRubin, Bruce.$4flm
=700  1\$aArrowsmith, William,$d1924-$4trl
=710  2\$aPerformance Group.$4pro
=710  2\$aHemispheric Institute Digital Video Library.
=830  \0$aRichard Schechner's Productions collection
=856  40$uhttp://hdl.handle.net/2333.1/mcvdncsq

