=LDR  04694cgm a2200661 a 4500
=001  000539678
=003  NNU
=004  NYUb13530792
=005  20090409122959.0
=006  m\\\\\\\\z\\\\\\\\
=007  vd\cvaizu
=007  vf\ciahou
=007  cr\cna
=007  cr\|||||||||||
=008  070508s1972\\\\cau024\\\\\\\\\\\\vleng\d
=024  7\$aHI2007_077_01$2nyu-hidvl
=024  7\$aHI2007.077_01$2nyu-hidvl
=040  \\$aNNU$cNNU$eamim
=043  \\$an-us---
=245  04$aLos vendidos$h[videorecording]
=246  31$aSellouts
=260  \\$c1972.
=300  \\$3master.$a1 videocassette of 1 (Digital Betacam) (24 min.) :$bsd., col. ;$c1/2 in.
=300  \\$3viewing copy.$a1 videodisc of 1 (DVD) (24 min.) :$bsd., col. ;$c4 3/4 in.
=490  1\$aEl Teatro Campesino collection
=530  \\$aAlso available online as streaming video.
=500  \\$aTitle supplied by Hemispheric Institute.
=500  \\$aPart of the Hemispheric Institute Digital Video Library.
=534  \\$pMedia source original:$e1 videocassette of 1 (VHS) : sd., col. ; 1/2 in. SP.$mLN253.
=500  \\$aBroadcast by KNBC Los Angeles, CA.
=518  \\$aRecorded at KNBC studios, Burbank, CA, in 1972.
=508  \\$aEl Teatro Campesino, producer ; KNBC Los Angeles, producer ; Jose Luis Ruiz, producer ; George Paul, director ; Luis Valdez, writer ; Loring d'Usseau, executive producer ; Roger Holguin, associate producer ; Luis Valdez, staging ; Daniel Valdez, musical director ; Curt Nations, art director ; Rosamaria Marquez, production assistant ; Dennis Steinmetz, associate director ; Steve Rodrigues, stage manager ; Robert Goul, unit manager ; Lou Fusari, technical director.
=511  1\$aFelix Alvarez, Socorro Valdez, Enrique Castillo, Jose Delgado, Daniel Valdez, Ernesto Hernandez, Jesus Padron, Frances Romero, Esteban Oropeza, Phil Esparza, Olivia Chumancero, Allen Cruz, Carlos Acosta, Robert Delgado, Yolanda Castillo, Robert Gomez, Noe Montoya, Luis Valdez, Ed Robledo, Andres Gutierrez, Rosa Maria Apodaca, Rosamaria Escalante.
=520  \\$aLos Vendidos is a television adaptation of an acto first staged by El Teatro Campesino in 1967. The piece is set in Honest Sancho's Used Mexican Lot and Curio Shop, where various models of Chicano automatons (robots) are displayed for sale by Honest Sancho. Into his shop comes Miss Jimenez who represents the governor's office (at the time, Ronald Reagan's) and is in search of a Mexican type for the administration. Sancho escorts her around his shop and demonstrates various floor models (farm worker, Mexican revolutionary, pachuco, lowrider), activating them by snapping his fingers and giving vocal commands. None of these are acceptable to her. She wants a Mexican, yes, but it is more important that he be an American. She is about to leave when Honest Sancho urges her to view his newest model: a fresh, clean Mexican-American in a business suit and glasses, whom she instantly loves and purchases on the spot for {dollar}15,000 (a great deal of money in 1972). She drives off with him to the governor's banquet. Once she is gone, Sancho falls silent, and all the store models come to life. We learn that Sancho is the real automaton and all the others are Chicanos and Chicanas running a scam on fools who believe in robots. The acto is bracketed by opening and closing scenes on a pyramid, where many of the characters from ETC's actos are arranged, frozen in action. In the very center is the Aztec Calendar, whose painted face is that of Luis Valdez, founder and director of El Teatro Campesino.
=540  \\$aThere are copyright restrictions on this collection. For more information, go to the online version of this video.
=600  10$aReagan, Ronald.
=650  \0$aMexican Americans$xEthnic identity.
=650  \0$aStereotypes (Social psychology)$zUnited States.
=650  \0$aPrejudices$zUnited States.
=653  \\$aActo
=653  \\$aMexican-American stereotypes
=653  \\$aChicano theater
=655  \7$aPerformances (entertainment events).$2aat
=655  \7$aPerformance art.$2aat
=655  \7$aTheater (discipline).$2aat
=700  1\$aRuiz, Jose Luis.$4pro
=700  1\$aPaul, George.$4drt
=700  1\$aValdez, Luis.$4aut
=710  2\$aKNBC (Television station : Los Angeles, Calif.)
=710  2\$aTeatro Campesino (Organization)
=710  2\$aHemispheric Institute Digital Video Library.
=830  \3$aEl Teatro Campesino collection.
=856  40$uhttp://hdl.handle.net/2333.1/j6q573x5

