=LDR  04204cgm a2200637 a 4500
=001  000539720
=003  NNU
=004  NYUb13530836
=005  20090409123004.0
=006  m\\\\\\\\z\\\\\\\\
=007  vd\cvaizu
=007  vf\ciahou
=007  cr\cna
=007  cr\|||||||||||
=008  070830s1973\\\\xx\061\\\\\\\\\\\\vleng\d
=024  7\$aHI2007_083_01$2nyu-hidvl
=024  7\$aHI2007.083_01$2nyu-hidvl
=035  \\$a(NYU)NYUb13530836
=040  \\$aNNU$cNNU$eamim
=041  0\$aeng$aspa
=079  \\$a(OCoLC)183095168
=245  03$aLa familia Rasquache$h[videorecording]
=260  \\$c1973.
=300  \\$3master.$a1 videocassette of 1 (Digital Betacam) (61 min.) :$bsd., col. ;$c1/2 in.
=300  \\$3viewing copy.$a1 videodisc of 1 (DVD) (61 min.) :$bsd., col. ;$c4 3/4 in.
=490  1\$aEl Teatro Campesino collection
=530  \\$aAlso available online as streaming video.
=546  \\$aIn English and Spanish.
=500  \\$aTitle supplied by Hemispheric Institute.
=500  \\$aPart of the Hemispheric Institute Digital Video Library.
=534  \\$pMedia source original:$e2 videocassettes of 2 (VHS) : sd., col. ; 1/2 in. SP.$mX-60.
=518  \\$aOn tour, 1973.
=508  \\$aEl Teatro Campesino, producer ; Luis Valdez, director, writer.
=511  1\$aPhil Esparza, Felix Alvarez, Lily Alvarez, Rosamaria Escalante, Rosa Apodaca, Frances Romero, Carlos Caliche, Ed Robledo, Jesus Padron.
=500  \\$aEarlier version of La Carpa de los Rasquachis.
=520  \\$aThis Carpa de los Rasquachis was preceded by another carpa (tent show) written by Luis Valdez, called La Carpa Cantiflesca (1972). Since 1965, Valdez had described El Teatro Campesino as a cross between Brecht and Cantinflas. La Carpa Cantinflesca was his attempt to pay homage to the great comic and Mexican movie star Mario Moreno, a.k.a. Cantinflas, who had begun his career performing in Mexican tent shows. Thus in La Carpa Cantinflesca Valdez created a family of Cantinflas types: Cantinfin, Cantinflon, Cantinflucha; all the characters, including the women, wore Cantinflas costumes. The piece told the story of the family in three parts: the parents (Mexicans), the sons (Mexican-Americans), and the daughter (La Chicana). When the idea proved to be too esoteric, Valdez eliminated the Cantinflas references but kept the three generational elements, and renamed the show Carpa de los Rasquachis. This early version of La Carpa still retains the three-act family structure, utilizing corridos (Mexican ballads) to provide the narrative line. In time, it became apparent that the three-generation structure and the epic nature of their collective tale were too much for a single play. So, after 1974, Valdez conflated all three stories into a single focus on one main corrido, the story of the patriarch, Jesus Pelado Raquachi, peripherally telling the story of the family. In this early version of the Carpa de los Rasquachis, titled La Familia Rascuache, it is clear that Valdez and the Teatro were still wrestling with creative elements regarding the acting style, musical arrangement, and narrative continuity of its single Corrido, which ultimately gave shape to the final, precise 1975 version called La Gran Carpa de Los Rasquachis.
=540  \\$aThere are copyright restrictions on this collection. For more information, go to the online version of this video.
=650  \0$aTent shows.
=650  \0$aMexican Americans$vDrama.
=651  \0$aMexican-American Border Region$vDrama.
=650  \0$aAgricultural laborers$vDrama.
=653  \\$aUnited States-Mexico border
=653  \\$aCarpa
=653  \\$aChicano theater
=655  \7$aPerformances (entertainment events).$2aat
=655  \7$aPerformance art.$2aat
=655  \7$aTheater (discipline).$2aat
=700  1\$aValdez, Luis.$4drt$4aut
=710  2\$aTeatro Campesino (Organization)
=710  2\$aHemispheric Institute Digital Video Library.
=830  \3$aEl Teatro Campesino collection.
=856  40$uhttp://hdl.handle.net/2333.1/18931zm7

