=LDR  05593cgm a2200733 a 4500
=001  000033716
=003  NNU
=004  NYUb13611631
=005  20140421145812.0
=006  m\\\\\\\\z\\\\\\\\
=007  vd\cvaizu
=007  vf\ciahou
=007  cr\cna
=007  cr\|||||||||||
=007  vd\cvaizu
=008  080507p19741973nyu093\\\\\\\\\\\\vleng\d
=024  7\$aHI2007_258_A_01$2nyu-hidvl
=024  7\$aHI2007_258_B_01$2nyu-hidvl
=024  7\$aHI2007.258_01_A$2nyu-hidvl
=024  7\$aHI2007.258_01_B$2nyu-hidvl
=035  \\$a(NYU)NYUb13611631
=040  \\$aNNU$cNNU$eamim
=245  04$aThe tooth of crime$h[videorecording].
=260  \\$aNew York :$b[s.n.],$cc1974, 1973.
=300  \\$3viewing copy.$a2 videodiscs of 2 (DVD) (93 min.: pt.A, 61 min. ; pt.B, 32 min.) :$bsd., col. ;$c4 3/4 in.
=300  \\$3master.$a2 videocassettes of 2 (Digital Betacam) (93 min.) :$bsd., col. ;$c1/2 in.
=490  1\$aRichard Schechner's Productions collection
=530  \\$aAlso available online as streaming video.
=546  \\$aIn English.
=500  \\$aTitle supplied by Hemispheric Institute.
=500  \\$aPart of the Hemispheric Institute Digital Video Library.
=534  \\$pMedia source original:$e1 videocassettes of 1 (VHS) : sd., col. ; 1/2 in. SP.$mQuantegy T-120.
=518  \\$aTheater production performed and recorded at the Performing Garage, New York City, in 1973; Film copyrighted in 1974 as part of the Whitney Museum New American Filmmakers Series, in New York City.
=508  \\$aRichard Schechner, producer, director ; The Wooster Group, Inc., producer ; The Performance Group, producer, adaptation, music ; Ken Kobland, James (Flip) McCarthy, film directors ; Sam Shepard, writer, lyrics ; Franne Lee, costumes ; Jerry Rojo, environment ; Vicki Polon, Robert Thurber, Rhody Streeter, sound ; Robert Dichter, mix ; Radz Radlauer, Doug Bowes, electronic music ; George Griffin, animation ; Frederick Eberstadt, James Clayburgh, photography.
=511  1\$aSpalding Gray (Hoss), Timothy Shelton (Crow), Joan MacIntosh (Becky Lou), James Griffiths (Cheyenne), Stephen Borst (Doc/Galactic Max/Keeper), Elizabeth LeCompte (Star/Ref/Keeper).
=520  \\$aThis film documents and to some degree rearranges the scenes of TPG's production. In 'The Tooth of Crime' Shepard draws on popular/mythic figures and motifs of the American imaginary such as the cowboy, the rock star, the girl friend, the disc-jockey, and the drifter-outsider. The language of the play is rhythmic with a richness of alliteration and syncopation that The Performance Group actors further embroidered through their verbophysical techniques to produce harmonies, tensions, and emotional and physical states. The drama embodies the contradictions inherent in a star system that creates 'personalities' only to discard them when they are no longer commercially productive. Using their own version of rock music, TPG explores in a complex physical environment a world of gangsters and urban cowboys. 
=520  \\$aThe performance presents a myriad of comic book characters that underscore the deceptions and failures of the 'American Dream.' The subtleties of the characterization, environmental theater mise-en-scene, music, and movement make this production unique. Because the environment makes viewing all of the action from one place impossible, spectators flow with the action from one part of the theater to another. The performance of Spalding Gray as Hoss is perhaps his best work in the 'regular' theater. Richard Schechner is a theater director, performance theorist and university professor known for being one of the founders of the academic discipline of Performance Studies at Tisch School of the Arts, New York University. Schechner combines his work in anthropology with innovative approaches to performance of all kinds including ritual, drama, environmental theater, political rallies, dance, music, etc.   
=520  \\$ain order to consider how performance can be understood not just as an object of study, but also as an active intellectual-artistic practice. He is the editor of 'TDR: The Journal of Performance Studies.' His books include 'Environmental Theater,' 'The Future of Ritual,' 'Performance Theory,' 'Between Theater and Anthropology' and 'Performance Studies: An Introduction.' As of 2007, his books have been translated into 14 languages.  
=540  \\$aThere are copyright restrictions on this collection. For more information, go to the online version of this video.
=600  10$aShepard, Sam,$d1943-$tTooth of crime$vAdaptations.
=650  \0$aPopular culture$xAmerican influences.
=650  \0$aAmerican Dream.
=653  \\$aAmerican popular culture
=655  \7$aPerformance.$2nyu-hidvl
=655  \7$aTheater.$2nyu-hidvl
=655  \7$aExperimental theater.$2nyu-hidvl
=655  \7$aFilm.$2nyu-hidvl
=655  \7$aPerformance documentation.$2nyu-hidvl
=700  1\$aSchechner, Richard,$d1934-$4pro$4drt
=700  1\$aShepard, Sam,$d1943-$4aut
=700  1\$aKobland, Ken.$4drt
=700  1\$aMcCarthy, James.$4drt
=710  2\$aWooster Group.$4pro
=710  2\$aPerformance Group.$4pro$4adp$4mus
=710  2\$aHemispheric Institute Digital Video Library.
=830  \0$aRichard Schechner's Productions collection
=856  40$uhttp://hdl.handle.net/2333.1/bzkh18hj
=853  00$81$apt.
=863  50$81.1$aA$p31142047316339
=863  50$81.2$aB$p31142047316347

