=LDR  05437cgm  2200841 a 4500
=001  000568197
=003  NNU
=004  NYUb13561415
=005  20090415122740.0
=006  m\\\\\\\\c\\\\\\\\
=007  vd\cvaizu
=007  vf\ciahou
=007  cr\cna---muuuu
=007  vd\cvaizu
=007  cr\|||||||||||
=008  071213e19791017cl\031\\\\\\\\\\\\vlspa\d
=024  7\$aHI2006_001_01$2nyu-hidvl
=024  7\$aHI2006_002_01$2nyu-hidvl
=024  7\$aHI2006.001_01$2nyu-hidvl
=035  \\$a(NYU)NYUb13561415
=040  \\$aNNU$cNNU$eamim
=043  \\$as-cl---
=079  \\$a(OCoLC)898312385
=245  00$aInversión de escena (unedited footage I and II)$h[videorecording].
=246  3\$aScene inversion :$bvideo/action on art & politics (unedited footage I and II)
=260  \\$c1979 Oct. 17.
=300  \\$3viewing copy.$a2 videodiscs of 2 (DVD) (31 min.: pt.1, 17 min.; pt.2, 14 min.) :$bsd., col. ;$c4 3/4 in.
=300  \\$3master.$a2 videocassettes of 2 (Digital Betacam) (31 min.: pt.1, 17 min.; pt.2, 14 min.) :$bsd., col. ;$c1/2 in.
=490  1\$aCADA (Colectivo Acciones de Arte) collection
=530  \\$aAlso available online as streaming video.
=546  \\$aIn Spanish.
=500  \\$aTitle supplied by Hemispheric Institute.
=500  \\$aPart of the Hemispheric Institute Digital Video Library.
=534  \\$pMedia source original:$e2 videocassettes of 2 (U-matic) : sd., col. ; 3/4 in.
=518  \\$aRecorded in Santiago, Chile, on Oct. 17, 1979.
=508  \\$aCADA (Colectivo Acciones de Arte), producer, director ; Lotty Rosenfeld, Diamela Eltit, Raúl Zurita, Juan Castillo, Fernando Balcells, creators.
=520  \\$aThe Colectivo de Acciones de Arte (CADA) is a Chilean activist group of artists who used performance to challenge the Pinochet dictatorship in Chile. One of the most important contributors to the Escena Avanzada, CADA incorporated strategies of theatricality and performance as an essential element to all its art actions, while questioning the practices and institutions of all politics and conceiving art as a necessary social practice that eradicated the traditional distance between the artist and the spectator. Committed to the foundation of an open and spontaneous practice of spectatorship, their interventions in everyday life intended to interrupt and alter the normalized routines of the daily urban life of the citizen, by means of a semiotic subversion that decontextualized and semantically restructured urban behaviors, locations and signs.
=520  \\$aOn October 17, 1979, eight milk trucks left the Soprole milk factory to drive through the city of Santiago according to a previously planned route, which ended at the National Museum of Fine Arts, where the trucks stood for hours forming a long line. The route symbolically connects a milk producing factory with a conservative 'art factory', the museum. This connection is further performed by closing the entrance to the Museum by covering the façade with a large white cloth. This civil action sought to expose political violence, cultural censorship, and human misery in a country threatened and under surveillance by Augusto Pinochet's dictatorship. The Museum was under the control of the dictatorship so the milk trucks worked as a critical reference to military technology and Pinochets regime. The white cloth sought to evoke and resist political repression; it indicated that art was not inside the museum but outside, dispersed in the city, clandestine.
=520  \\$aShown in this video clip is the productive 'backstage' of the action: the workers at the milk plant packaging the milk and the milk trucks driving through the city. Then we see the long line of parked trucks in front of the Museum of Fine Arts. The artists at its front door spread a large white cloth in order to cover the entrance. They haul down the Chilean flag.
=540  \\$aThere are copyright restrictions on this collection. For more information, go to the online version of this video.
=650  \0$aPolitical participation$zChile.
=650  \0$aArt$xPolitical aspects.
=650  \0$aArt and social conflict.
=650  \0$aArt and state.
=650  \0$aArt and society.
=651  \0$aChile$xSocial conditions$y1970-
=651  \0$aChile$xPolitics and government$y1973-1988.
=650  \0$aCivil rights$zChile.
=650  \0$aCivil rights movements$zChile.
=600  10$aPinochet Ugarte, Augusto.
=610  10$aChile.$bPresident (1974-1990 : Pinochet Ugarte)
=650  \0$aDictatorship$zChile.
=650  \0$aDictators$zChile.
=653  \\$aCivil rights activism
=655  \7$aPerformance.$2nyu-hidvl
=655  \7$aPolitical performance.$2nyu-hidvl
=655  \7$aAcción.$2nyu-hidvl
=655  \7$aVideo/action on art & politics.$2nyu-hidvl
=700  1\$aRosenfeld, Lotty.$4cre
=700  1\$aEltit, Diamela,$d1949-$4cre
=700  1\$aZurita, Raúl.$4cre
=700  1\$aCastillo, Juan.$4cre
=700  1\$aBalcells, Fernando.$4cre
=710  2\$aColectivo Acciones de Arte.$4pro$4drt
=710  2\$aHemispheric Institute Digital Video Library.
=830  \0$aCADA (Colectivo Acciones de Arte) collection.
=853  00$81$apt.
=863  \\$81.1$a1
=856  40$uhttp://hdl.handle.net/2333.1/r2280gpx

