=LDR  03532ngm  2200625 a 4500
=001  003175500
=005  20090414132150.0
=006  m\\\\\\\\c\\\\\\\\
=007  vf\bi\\ou
=007  cr\bn\---muuuu
=007  cr\|||||||||||
=008  090317s1979\\\\cl\002\\\\\\\\\\\\vlzxx\d
=024  7\$aHI2006_011_04$2nyu-hidvl
=040  \\$aNNU$cNNU$eamim
=043  \\$as-cl---
=245  00$aCADA group portrait, 1979$h[videorecording].
=246  3\$aColectivo Acciones de Arte :$bgroup portrait, 1979
=260  \\$c1979.
=300  \\$3master.$a1 videocassette of 1 (Digital Betacam) (2 min.) :$bsi., b&w ;$c1/2 in.
=490  1\$aCADA (Colectivo Acciones de Arte) collection
=530  \\$aAlso available online as streaming video.
=500  \\$aTitle supplied by Hemispheric Institute.
=500  \\$aPart of the Hemispheric Institute Digital Video Library.
=534  \\$pMedia source original:$e1 videocassette of 1 (Betacam SP) : si., b&w ; 1/2 in. SP.
=518  \\$aFilmed in Santiago, Chile, in 1979.
=508  \\$aCADA (Colectivo Acciones de Arte), producer ; Ignacio Agüero, videographer.
=511  0\$aLotty Rosenfeld, Diamela Eltit, Raúl Zurita, Juan Castillo, Fernando Balcells, artists.
=520  \\$aThe Colectivo de Acciones de Arte (CADA) is a Chilean activist group of artists who used performance to challenge the Pinochet dictatorship in Chile. One of the most important contributors to the 'Escena Avanzada', CADA incorporated strategies of theatricality and performance as an essential element to all its 'art actions', while questioning the practices and institutions of all politics and conceiving art as a necessary social practice that eradicated the traditional distance between the artist and the spectator. Committed to the foundation of an open and spontaneous practice of spectatorship, their 'interventions in everyday life' intended to interrupt and alter the normalized routines of the daily urban life of the citizen, by means of a semiotic subversion that decontextualized and semantically restructured urban behaviors, locations and signs.
=520  \\$aShown in this video clip is black & white footage of CADA original members - artists Lotty Rosenfeld and Juan Castillo, sociologist Fernando Balcells, poet Raúl Zurita, and novelist Diamela Eltit - shot by filmmaker Ignacio Agüero as a group portrait in 1979.
=540  \\$aThere are copyright restrictions on this collection. For more information, go to the online version of this video.
=600  10$aRosenfeld, Lotty.
=600  10$aEltit, Diamela,$d1949-
=600  10$aZurita, Raúl.
=600  10$aCastillo, Juan.
=600  10$aBalcells, Fernando.
=610  20$aColectivo Acciones de Arte.
=650  \0$aPolitical participation$zChile.
=650  \0$aArt$xPolitical aspects.
=650  \0$aArt and social conflict.
=651  \0$aChile$xSocial conditions$y1970-
=650  \0$aCivil rights$zChile.
=653  \\$aCivil rights activism
=655  \7$aDocumentary.$2nyu-hidvl
=655  \7$aGroup portrait.$2nyu-hidvl
=700  1\$aRosenfeld, Lotty.$4art
=700  1\$aEltit, Diamela,$d1949-$4art
=700  1\$aZurita, Raúl.$4art
=700  1\$aCastillo, Juan.$4art
=700  1\$aBalcells, Fernando.$4art
=700  1\$aAgüero, Ignacio.$4vdg
=710  2\$aColectivo Acciones de Arte.$4pro
=710  2\$aHemispheric Institute Digital Video Library.
=830  \0$aCADA (Colectivo Acciones de Arte) collection.
=856  40$uhttp://hdl.handle.net/2333.1/905qfvbj

