=LDR  04619ngm  2200793 a 4500
=001  003175631
=005  20090415115948.0
=006  m\\\\\\\\c\\\\\\\\
=007  vf\mi\\ou
=007  cr\mn\---muuuu
=007  cr\|||||||||||
=008  090317i19791985cl\021\\\\\\\\\\\\vlspa\d
=024  7\$aHI2006_013_01$2nyu-hidvl
=040  \\$aNNU$cNNU$eamim
=043  \\$as-cl---
=245  00$aAcciones sobre arte y política CADA, 1979-1985 (still images)$h[videorecording].
=246  3\$aCADA photographic documentation :$bViuda, Ruptura, Para no morir de hambre en el arte, El fulgor de la huelga, Inversión de escena, ¡Ay Sudamérica!, A la hora señalada, No +.
=260  \\$c1979-1985.
=300  \\$3master.$a1 videocassette of 1 (Digital Betacam) (21 min.) :$bsi., b&w and col. ;$c1/2 in.
=490  1\$aCADA (Colectivo Acciones de Arte) collection
=530  \\$aAlso available online as streaming video.
=500  \\$aTitle supplied by Hemispheric Institute.
=500  \\$aPart of the Hemispheric Institute Digital Video Library.
=534  \\$pMedia source original:$e1 videocassette of 1 (Betacam SP) : si., b&w and col.; 1/2 in.
=518  \\$aFootage captured in Santiago, Chile, between 1979-1985.
=508  \\$aCADA (Colectivo Acciones de Arte), producer, director ; Helen Hiuges, Lotty Rosenfeld, Fedora Torreblanca, Jorge Branmayer, Kena Lorenzini, photographers ; Lotty Rosenfeld, Diamela Eltit, Raúl Zurita, Juan Castillo, Fernando Balcells, creators.
=546  \\$aText in Spanish.
=520  \\$aThe Colectivo de Acciones de Arte (CADA) is a Chilean activist group of artists who used performance to challenge the Pinochet dictatorship in Chile. One of the most important contributors to the 'Escena Avanzada', CADA incorporated strategies of theatricality and performance as an essential element to all its 'art actions', while questioning the practices and institutions of all politics and conceiving art as a necessary social practice that eradicated the traditional distance between the artist and the spectator. Committed to the foundation of an open and spontaneous practice of spectatorship, their 'interventions in everyday life' intended to interrupt and alter the normalized routines of the daily urban life of the citizen, by means of a semiotic subversion that decontextualized and semantically restructured urban behaviors, locations and signs.
=520  \\$aShown in this video clip is mixed footage of photographic documentation of renowned works by CADA performed between 1979 and 1985, including: 'Viuda', 'Ruptura', 'Para no morir de hambre en el arte', 'El fulgor de la huelga', 'Inversión de escena', '¡Ay Sudamérica!', 'A la hora señalada', and 'No +'.
=540  \\$aThere are copyright restrictions on this collection. For more information, go to the online version of this video.
=630  00$aViuda.
=630  00$aRuptura.
=630  00$aPara no morir de hambre en el arte.
=630  03$aEl fulgor de la huelga.
=630  00$aInversión de escena.
=630  00$a¡Ay Sudamérica!
=630  00$aA la hora señalada.
=630  00$aNo +.
=610  20$aColectivo Acciones de Arte.
=650  \0$aPolitical participation$zChile.
=650  \0$aArt$xPolitical aspects.
=650  \0$aArt and social conflict.
=651  \0$aChile$xSocial conditions$y1970-
=650  \0$aCivil rights$zChile.
=653  \\$aCivil rights activism
=653  \\$aPolitical performance
=655  \7$aDocumentary.$2nyu-hidvl
=655  \7$aPolitical performance.$2nyu-hidvl
=655  \7$aAcción.$2nyu-hidvl
=655  \7$aVideo/action on art & politics.$2nyu-hidvl
=700  1\$aRosenfeld, Lotty.$4cre
=700  1\$aEltit, Diamela,$d1949-$4cre
=700  1\$aZurita, Raúl.$4cre
=700  1\$aCastillo, Juan.$4cre
=700  1\$aBalcells, Fernando.$4cre
=700  1\$aAgüero, Ignacio.$4vdg
=710  2\$aColectivo Acciones de Arte.$4pro
=710  2\$aHemispheric Institute Digital Video Library.
=740  02$aViuda : photographic documentation.
=740  02$aRuptura : photographic documentation.
=740  02$aPara no morir de hambre en el arte : photographic documentation.
=740  02$aEl fulgor de la huelga : photographic documentation.
=740  02$aInversión de escena : photographic documentation.
=740  02$a¡Ay Sudamérica : photographic documentation!
=740  02$aA la hora señalada : photographic documentation.
=740  02$aNo + : photographic documentation.
=830  \0$aCADA (Colectivo Acciones de Arte) collection.
=856  40$uhttp://hdl.handle.net/2333.1/573n5tsz

