=LDR  04346ngm a2200661 a 4500
=001  003210188
=005  20090415181423.0
=006  m\\\\\\\\c\\\\\\\\
=007  vf\ciahou
=007  cr\cna---muuuu
=007  cr\|||||||||||
=008  090415s1979\\\\cl\007\\\\\\\\\\\\vlspa\d
=024  7\$aHI2006_012_02$2nyu-hidvl
=040  \\$aNNU$beng$cNNU$eamim
=245  00$aNO+ (unedited footage I)$h[videorecording].
=246  3\$aNO mas (unedited footage I)
=246  1\$iTitle at end of clip:$aNO mas, Septiembre 1983
=246  1\$iAlso called:$aNO more (unedited footage I)
=260  \\$c1979 or 1983?
=300  \\$3master.$a1 videocassette of 1 (Digital Betacam) (7 min.) :$bsd., col. ;$c1/2 in.
=490  1\$aCADA (Colectivo Acciones de Arte) collection
=530  \\$aAlso available online as streaming video.
=546  \\$aIn Spanish.
=500  \\$aTitle supplied by Hemispheric Institute.
=500  \\$aPart of the Hemispheric Institute Digital Video Library.
=534  \\$pMedia source original:$e1 videocassette of 1 (VHS) : sd., col. ; 1/2 in.
=518  \\$aRecorded in Santiago, Chile, circa 1979 or 1983.
=500  \\$aDate supplied by Hemispheric Institute as 1979, date of September 1983 found at end of clip.
=508  \\$aCADA (Colectivo Acciones de Arte), producer, director ; Lotty Rosenfeld, videographer ; Lotty Rosenfeld, Diamela Eltit, Raúl Zurita, Juan Castillo, Fernando Balcells, creators.
=520  \\$aThe Colectivo de Acciones de Arte (CADA) is a Chilean activist group of artists (artists Lotty Rosenfeld and Juan Castillo, sociologist Fernando Balcells, poet Raúl Zurita and novelist Diamela Eltit) who used performance to challenge the Pinochet dictatorship in Chile. One of the most important contributors to the ‘Escena Avanzada’, CADA incorporated strategies of theatricality and performance as an essential element to all its ‘art actions’, while questioning the practices and institutions of all politics and conceiving art as a necessary social practice that eradicated the traditional distance between the artist and the spectator. Committed to the foundation of an open and spontaneous practice of spectatorship, their ‘interventions in everyday life’ intended to interrupt and alter the normalized routines of the daily urban life of the citizen, by means of a semiotic subversion that decontextualized and semantically restructured urban behaviors, locations and signs.
=520  \\$aOn the 10th year of Augusto Pinochet’s dictatorship in Chile, CADA proposed the slogan 'NO +' (NO more). This was meant as an open text to be completed by the citizens, according to their specific social demands (No more __). CADA invited Chilean artists from different fields to spread this message on walls all over Santiago. Wall tagging was the first form of NO+, but the slogan was soon used by different collectives all over the country as a massive public symbol of political resistance and non-conformity.
=520  \\$aShown in this video clip is raw footage of a public NO+ ‘acción’ at the Mapocho River in Chile.
=540  \\$aThere are copyright restrictions on this collection. For more information, go to the online version of this video.
=600  10$aPinochet Ugarte, Augusto.
=650  \0$aDictatorship$zChile.
=650  \0$aArt$xPolitical aspects.
=650  \0$aArt and social conflict.
=650  \0$aPolitical participation$zChile.
=650  \0$aCivil rights$zChile.
=650  \0$aCivil rights movements$zChile.
=651  \0$aChile$xPolitics and government$y20th century.
=651  \0$aChile$xSocial conditions$y1970-
=653  \\$aCivil rights activism.
=655  \7$aPerformance.$2nyu-hidvl
=655  \7$aPolitical performance.$2nyu-hidvl
=655  \7$aAcción.$2nyu-hidvl
=655  \7$aVideo/action on art & politics.$2nyu-hidvl
=655  \7$aGraffiti/tagging.$2nyu-hidvl
=700  1\$aRosenfeld, Lotty.$4cre
=700  1\$aEltit, Diamela,$d1949-$4cre
=700  1\$aZurita, Raúl.$4cre
=700  1\$aCastillo, Juan.$4cre
=700  1\$aBalcells, Fernando.$4cre
=710  2\$aColectivo Acciones de Arte.$4pro$4drt
=710  2\$aHemispheric Institute Digital Video Library.
=830  \0$aCADA (Colectivo Acciones de Arte) collection.
=856  40$uhttp://hdl.handle.net/2333.1/brv15fbj

