=LDR  04490ngm a2200541 a 4500
=001  003448706
=005  20110510150359.0
=006  m\\\\\\\\c\\\\\\\\
=007  vf\ciahou
=007  cr\cna---muuua
=007  cr\|||||||||||
=008  110510s1980\\\\cl\015\\\\\\\\\\\\vlspa\d
=024  7\$aHI2006_004_03$2nyu-hidvl
=040  \\$aNNU$beng$cNNU
=043  \\$as-cl---
=245  00$aZona de dolor$h[videorecording] /$cDiamela Eltit, creator, producer.
=246  31$aZone of pain
=260  \\$c1980.
=300  \\$3master.$a1 videocassette of 1 (Digital Betacam) (14 min., 51 sec.) :$bsd., col. ;$c1/2 in.
=490  1\$aHemispheric Institute archive
=530  \\$aAlso available online as streaming video.
=546  \\$aIn Spanish.
=500  \\$aTitle supplied by Hemispheric Institute.
=500  \\$aPart of the Hemispheric Institute Digital Video Library.
=534  \\$pMedia source original:$e1 videocassette of 1 (U-matic) : sd., col. ; 3/4 in.
=518  \\$aFilmed in Santiago, Chile, in 1980.
=508  \\$aLotty Rosenfeld, videographer ; Lotty Rosenfeld, Diamela Eltit, video editors.
=511  0\$aDiamela Eltit, performer.
=520  \\$aDiamela Eltit is a distinguished Chilean performance artist, novelist and cultural critic. Winner of the Guggenheim Fellowship and numerous other awards and appointments, Eltit was a member of the acclaimed Colectivo de Acciones de Arte (CADA), a Chilean activist group of artists who used performance to challenge Pinochet's dictatorship in Chile. She has been an important cultural presence during the years of the post-dictatorship through her participation in journals such as the Revista de Crítica Cultural. Both as an artist and a critic, Eltit's work constitutes an important contribution to feminist theory and cultural debates. In 2000, she published 'Emergencias: Escritos sobre literatura, arte y política,' a book of essays which brings together some of her literary and cultural criticism. Her narrative work includes 'Lumpérica' (1983), 'Por la patria' (1986), 'El padre mío' (1989), 'El infarto del alma' (with photographer Paz Errázuriz [1994]), 'Mano de obra' (2002), 'Jamás el fuego nunca' (2007), and most recently 'Impuesto a la carne' (2010). Both individually and as a member of CADA, Diamela Eltit was one of the most important contributors to the 'Escena de Avanzada.' The goal was to perform 'interventions in everyday life' intended to interrupt and alter the normalized routines of citizens' daily urban lives by means of a semiotic subversion that decontextualized and semantically restructured urban behaviors, locations and signs.
=520  \\$aIn 'Zona de dolor' (Zone of Pain), Eltit places the body – her body – at the center of this political and social re-signification: she cuts and burns herself and then goes to a brothel, where she reads part of her novel 'Lumpérica.' Her mortified body mirrors the wounded national body, and establishes a connection between the individual and the collective, and the private and the public, exposing her physicality, her words, and her voice in communion with a space that exists at the edge of social structures. In the latter part of this video Diamela Eltit's voice accompanies her action of washing pavement in front of the brothel, collapsing the boundaries between her novel's words, her body, and the space inhabited by 'public women.' Eltit not only disrupts the space of gendered sexual transaction, but also proposes a powerful reflection upon where the 'zone of pain' might be located in a historical moment marked by sorrow and injustices.
=540  \\$aThere are copyright restrictions on this collection. For more information, go to the online version of this video.
=650  \0$aMarginality, Social.
=650  \0$aPolitical participation$zChile.
=650  \0$aArt$xPolitical aspects.
=650  \0$aArt and social conflict.
=650  \0$aArt and state.
=650  \0$aArt and society.
=651  \0$aChile$xSocial conditions$y1970-
=651  \0$aChile$xPolitics and government$y1973-1988.
=655  \7$aPerformance.$2nyu-hidvl
=655  \7$aPolitical performance.$2nyu-hidvl
=655  \7$aAcción.$2nyu-hidvl
=700  1\$aEltit, Diamela,$d1949-$4cre$4pro$4prf$4flm
=700  1\$aRosenfeld, Lotty.$4vdg$4flm
=710  2\$aHemispheric Institute Digital Video Library.
=830  \0$aHemispheric Institute archive.
=856  40$uhttp://hdl.handle.net/2333.1/xsj3tz1r

