=LDR  04112cgm a2200637 a 4500
=001  000539302
=003  NNU
=004  NYUb13530399
=005  20071210173431.0
=006  m\\\\\\\\z\\\\\\\\
=007  vd\cvaizu
=007  vf\ciahou
=007  cr\cna
=007  cr\|||||||||||
=008  070508s1980\\\\nyu023\\\\\\\\\\\\vleng\d
=024  7\$aHI2007_052_01$2nyu-hidvl
=024  7\$aHI2007.052_01$2nyu-hidvl
=040  \\$aNNU$cNNU$eamim
=043  \\$an-us-va$an-usa--
=245  00$aSplit Britches$h[videorecording]
=246  3\$aSplit Britches :$bthe tru story
=246  3\$aSplit Britches (rehearsal excerpts)
=260  \\$c1980.
=300  \\$3master.$a1 videocassette of 1 (Digital Betacam) (23 min.) :$bsd., col. ;$c1/2 in.
=300  \\$3viewing copy.$a1 videodisc of 1 (DVD) (23 min.) :$bsd., col. ;$c4 3/4 in.
=490  1\$aSplit Britches video collection
=530  \\$aAlso available online as streaming video.
=500  \\$aTitle supplied by Hemispheric Institute.
=500  \\$aPart of the Hemispheric Institute Digital Video Library.
=534  \\$pMedia source original:$e1 videocassette of 1 (VHS) : sd., col. ; 1/2 in. SP.$mT-120 MBH.
=518  \\$aPerformed at Leonard Street Loft, New York City, 1980.
=508  \\$aSplit Britches, producer; Lois Weaver, director, writer.
=511  1\$aPeggy Shaw, Naja Beye.
=520  \\$aSince 1981, the Split Britches Company (founded by Lois Weaver, Peggy Shaw, and Deb Margolin, www.splitbritches.com) has written and performed in trio, duet, and solo, as well as collaborated and performed with other artists. They describe their work in this way: 'Our work is rooted in popular culture, but positioned against it. It relies on moments rather than plot, relationships rather than story. It depends on the surprise of transformation rather than the logic of psychological narrative. It straddles the line between performance and theater, exploiting theatricality while exposing the pretense. It is about a community of outsiders, queers, eccentrics. It is feminist because it encourages the imaginative potential in everyone and lesbian because it takes the presence of lesbian on stage as a given.' Their vaudevillian satirical gender-bending performances have received numerous awards, including a Jane Chamber award and four Village Voice OBIE awards. Their collection of scripts, Split Britches Feminist Performance/Lesbian Practice, edited by Sue Ellen Case, won the 1997 Lambda Literary Award for Drama. This video documents a first rehearsal of the first draft of their show Split Britches- The True Story, which marks the initial collaboration of the trio and is the show from which they got their name. Conceived and directed by Lois Weaver, its a show based on true stories of three members of Weavers family in the Blue Ridge Mountains of Virginia, United States. It also marks the beginning of the companys aesthetic: weaving multiple true stories in one, trusting the details of the everyday and relying on relation rather than action.The Christian Science Monitor called this play a tiny masterpiece.
=540  \\$aThere are copyright restrictions on this collection. For more information, go to the online version of this video.
=650  \0$aAutobiography$xWomen authors.
=651  \0$aBlue Ridge Mountains.
=651  \0$aVirginia$vDrama.
=653  \\$aAutobiography of women
=655  \7$aPerformance.$2nyu-hidvl
=655  \7$aTheater.$2nyu-hidvl
=655  \7$aLesbian theater.$2nyu-hidvl
=655  \7$aFeminist theater.$2nyu-hidvl
=655  \7$aWork-in-progress.$2nyu-hidvl
=700  1\$aWeaver, Lois.$4drt$4aut
=700  1\$aShaw, Peggy.$4prf
=700  1\$aBeye, Naja.$4prf
=710  2\$aSplit Britches (Theatre company)$4pro
=710  2\$aHemispheric Institute Digital Video Library.
=830  \0$aSplit Britches video collection.
=856  40$uhttp://hdl.handle.net/2333.1/0gb5mkrm

