=LDR  03775ngm  2200421   4500
=001  004093975
=005  20150118171603.0
=006  m\\\\\\\\c\\\\\\\\
=007  cr\cna|||m|||a
=007  cr\|||||||||||
=008  150117s1981\\\\mau027\\\\\\\\s\\\vleng\d
=024  7\$aHI2013_011_01$2nyu-hidvl
=040  \\$aNNU$beng$cNNU
=041  0\$aeng
=245  00$aThird World Theater$h[videorecording] /$cRoberta Uno, director ; New WORLD Theater, producer.
=260  \\$c1981.
=300  \\$3viewing copy.$astreaming video (26 min., 23 sec.) :$bsd., col.
=490  1\$aNew WORLD Theater Collection
=500  \\$aTitle supplied by the Hemispheric Institute.
=500  \\$aPart of the Hemispheric Institute Digital Video Library.
=508  \\$aMiriam Carter, Yat. T. Man, Michael Thomas, narration ; Ed Cohen, still photography ; Mark Gunning, video production ; Paul Mortali, Maureen McNamara, production assistants.
=520  \\$aThis historical documentation features testimonies on the work of the directors and actors of the Third World Theater Series, produced by New WORLD Theater. The Third World Theater Series began in the fall of 1979 as a project of the Student Activities Office of the University of Massachusetts/Amherst. By 1981 it was in its third year and had hosted twelve visiting companies and produced four original plays. In this video, community members discuss what it takes to put on a theatre festival and present political work from multi-racial perspectives and collaborations. They offer their visions of what making 'new theater' is, and how to work with people through theater for social and political change. In line with New WORLD Theater ideals, this series promoted a racially diverse theater, political in content, and accessible to lower classes. Performances featured in the series include Homelands, And the Soul Shall Dance, Simpson Street, and Prisims.
=520  \\$aFrom 1979-2009, the New WORLD Theater worked at the intersection of artistic practice, community engagement, scholarship, and activism toward a vision of a 'new world' - one that broke the confines of multiculturalism and was an artistic harbinger of America's shifting demographics. From a geographic 'outpost' in New England, New WORLD Theater evolved from a community organizing project and the Northeast point on a theater touring compass, to a protective studio to hone new work, a site of international intersections from South Africa to the South Bronx, and the home of inspired and rigorous collaborations with Western Massachusetts youth. New performance work development at New WORLD defied the conventional theater play lab as ghetto for artists of color; artists were met where they wanted to be in the imagining of new approaches, methods, and production. One of New WORLD Theater's artistic legacies is Project 2050, an early call to imagine the U.S. demographic shift, with people of the future - youth, in equal collaboration with artists and scholars.
=534  \\$pMedia source original:$e1 videocassette (VHS) : sd., col. ; 1/2 in. SP.$mMaxell P/l Plus T-120
=540  \\$aThere are copyright restrictions on this collection. For more information, go to the online version of this video.
=610  20$aNew WORLD Theater.
=630  00$aThird World Theater series.
=650  \0$aWomen in the performing arts.
=650  \0$aPerforming arts$xSocial aspects
=650  \0$aSocial justice.
=650  \0$aWomen$xPolitical activity
=655  \7$aDocumentary$2nyu-hidvl
=700  1\$aUno, Roberta,$d1956-$4drt
=710  2\$aNew WORLD Theater.$4pro
=710  2\$aHemispheric Institute Digital Video Library.
=830  \0$aNew WORLD Theater Collection.
=856  40$uhttp://hdl.handle.net/2333.1/t1g1k06v

