=LDR  05467ngm a2200781 a 4500
=001  003060763
=005  20090413182514.0
=006  m\\\\\\\\c\\\\\\\\
=007  vd\cvaizu
=007  vf\ciahou
=007  cr\cna---muuuu
=007  cr\|||||||||||
=008  080617s1981\\\\cl\026\\\\\\\\\\\\vlspa\d
=024  7\$aHI2006_005_01$2nyu-hidvl
=024  7\$aHI2006_006_01$2nyu-hidvl
=024  7\$aHI2006_007_01$2nyu-hidvl
=024  7\$aHI2006.005_01$2nyu-hidvl
=024  7\$aHI2006.006_01$2nyu-hidvl
=040  \\$aNNU$beng$cNNU$eamim
=041  0\$aeng$aspa
=043  \\$as-cl---
=079  \\$a(OCoLC)898319312
=245  00$a¡Ay Sudamérica! (video installation material)$h[videorecording].
=246  3\$a¡Ay Sudamérica! :$bvideo/action on art and politics (video installation material)
=260  \\$c1981.
=300  \\$3viewing copy.$a3 videodiscs of 3 (DVD) (25 min., 19 sec. : pt.1, 8 min., 26 sec.; pt.2, 8 min., 25 sec.; pt.3, 8 min., 28 sec.) :$bsd., col. ;$c4 3/4 in.
=300  \\$3master.$a3 videocassettes of 3 (Digital Betacam) (25 min., 19 sec.) :$bsd., col. ;$c1/2 in.
=490  1\$aCADA (Colectivo Acciones de Arte) collection
=530  \\$aAlso available online as streaming video.
=546  \\$aIncludes Spanish and English.
=500  \\$aTitle supplied by Hemispheric Institute.
=500  \\$aPart of the Hemispheric Institute Digital Video Library.
=534  \\$pMedia source original:$e3 videocassettes of 3 (U-matic) : sd., col. ; 3/4 in.
=518  \\$aRecorded in Santiago, Chile, in 1981.
=508  \\$aCADA (Colectivo Acciones de Arte), producer, director ; Ignacio de Agüero, Patricio Bustamante, Juan Carlos Bustamante, Eugenio Tellez, videographers ; Patricia Saavedra, Ana M. López, photographers.
=511  0\$aLotty Rosenfeld, Diamela Eltit, Raúl Zurita, Juan Castillo, Fernando Balcells, creators/performers.
=520  \\$aThe Colectivo de Acciones de Arte (CADA) is a Chilean activist group of artists (artists Lotty Rosenfeld and Juan Castillo, sociologist Fernando Balcells, poet Raúl Zurita and novelist Diamela Eltit) who used performance to challenge the Pinochet dictatorship in Chile. One of the most important contributors to the ‘Escena Avanzada’, CADA incorporated strategies of theatricality and performance as an essential element to all its ‘art actions’, while questioning the practices and institutions of all politics and conceiving art as a necessary social practice that eradicated the traditional distance between the artist and the spectator. Committed to the foundation of an open and spontaneous practice of spectatorship, their ‘interventions in everyday life’ intended to interrupt and alter the normalized routines of the daily urban life of the citizen, by means of a semiotic subversion that decontextualized and semantically restructured urban behaviors, locations and signs.
=520  \\$aIn 1981, six small airplanes, flying in perfect formation over Santiago, dropped 400,000 flyers discussing the relationship between art and society. This action referenced the bombardment of the House of Government (La Moneda), which marked the fall of Salvador Allende's democratic government and the beginning of Augusto Pinochet’s dictatorship in Chile. Through this 'acción', CADA reconstructed the political trauma of 1973, while proposing a new political perspective. The flyers contained a message that simultaneously upheld each person’s right to a decent standard of living and proposed that the general public was capable of instating an entirely new concept of art - one that could overcome traditional, elite boundaries and become part of public life. Here shown is video material from three monitors thought to comprise a video installation piece that would reflect on the performance (this installation is still a work in progress).
=520  8\$aAs a set, the images in the monitors pose a call for discussion on the still open conflict between territorial isolation, censorship, and creative alternatives to these issues. Parts 1, 2 and 3 each contain the installation material from monitors 1, 2, and 3, respectively.
=540  \\$aThere are copyright restrictions on this collection. For more information, go to the online version of this video.
=650  \0$aPolitical participation$zChile.
=650  \0$aArt$xPolitical aspects.
=650  \0$aArt and social conflict.
=650  \0$aArt and state.
=650  \0$aArt and society.
=651  \0$aChile$xSocial conditions$y1970-
=651  \0$aChile$xPolitics and government$y1973-1988.
=650  \0$aCivil rights$zChile.
=650  \0$aCivil rights movements$zChile.
=600  10$aPinochet Ugarte, Augusto.
=610  10$aChile.$bPresident (1974-1990 : Pinochet Ugarte)
=650  \0$aDictatorship$zChile.
=650  \0$aDictators$zChile.
=653  \\$aCivil rights activism
=655  \7$aPerformance.$2nyu-hidvl
=655  \7$aPolitical performance.$2nyu-hidvl
=655  \7$aAcción.$2nyu-hidvl
=655  \7$aVideo/action on art and politics.$2nyu-hidvl
=655  \7$aInstallation.$2nyu-hidvl
=710  2\$aColectivo Acciones de Arte.$4pro$4drt
=710  2\$aHemispheric Institute Digital Video Library.
=830  \0$aCADA (Colectivo Acciones de Arte) collection.
=853  00$81$apt.
=863  \\$81.1$a1
=863  \\$81.2$a2
=856  40$uhttp://hdl.handle.net/2333.1/xpnvx14j

