=LDR  04107ngm  2200613 a 4500
=001  003186053
=005  20090414131655.0
=006  m\\\\\\\\c\\\\\\\\
=007  vf\ciahou
=007  cr\cna---muuuu
=007  cr\|||||||||||
=008  090319s1981\\\\cl\004\\\\\\\\\\\\vlzxx\d
=024  7\$aHI2006_011_02$2nyu-hidvl
=040  \\$aNNU$cNNU$eamim
=043  \\$as-cl---
=245  00$aEl fulgor de la huelga (unedited footage II)$h[videorecording].
=246  3\$aShine of the strike :$bvideo performance on art and politics (unedited footage II)
=260  \\$c1981.
=300  \\$3master.$a1 videocassette of 1 (Digital Betacam) (4 min.) :$bsd., col. ;$c1/2 in.
=490  1\$aCADA (Colectivo Acciones de Arte) collection
=530  \\$aAlso available online as streaming video.
=500  \\$aTitle supplied by Hemispheric Institute.
=500  \\$aPart of the Hemispheric Institute Digital Video Library.
=534  \\$pMedia source original:$e1 videocassette of 1 (Betacam SP) : sd., col. ; 1/2 in.
=518  \\$aFilmed in Santiago, Chile, in 1981.
=508  \\$aCADA (Colectivo Acciones de Arte), producer, director ; Rubén Wiener, editor ; Juan Forch, videographer ; Juan Forch, Lotty Rosenfeld, Juan Castillo, photographers ; Lotty Rosenfeld, Diamela Eltit, Raúl Zurita, Juan Castillo, Fernando Balcells, creators.
=511  0\$aEugenio Téllez, guest artist.
=520  \\$aThe Colectivo de Acciones de Arte (CADA) is a Chilean activist group of artists (artists Lotty Rosenfeld and Juan Castillo, sociologist Fernando Balcells, poet Raúl Zurita, and novelist Diamela Eltit) who used performance to challenge the Pinochet dictatorship in Chile. One of the most important contributors to the 'Escena Avanzada', CADA incorporated strategies of theatricality and performance as an essential element to all its 'art actions', while questioning the practices and institutions of all politics and conceiving art as a necessary social practice that eradicated the traditional distance between the artist and the spectator. Committed to the foundation of an open and spontaneous practice of spectatorship, their 'interventions in everyday life' intended to interrupt and alter the normalized routines of the daily urban life of the citizen, by means of a semiotic subversion that decontextualized and semantically restructured urban behaviors, locations and signs.
=520  \\$aIn 'El fulgor de la huelga', CADA enacted a hunger strike in a small metalworking factory, which had collapsed owing to the deep economic crisis in Chile leaving all the workers unemployed. CADA's action was meant to denounce the growing unemployment among the working classes and to highlight the importance of hunger strikes as political tools and ways of resisting the economic policy of Augusto Pinochet's dictatorship.
=520  \\$aShown in this video clip is unedited 'behind-the-scene' camera footage of this 'acción'.
=540  \\$aThere are copyright restrictions on this collection. For more information, go to the online version of this video.
=650  \0$aPolitical participation$zChile.
=650  \0$aArt$xPolitical aspects.
=650  \0$aArt and social conflict.
=650  \0$aArt and state.
=650  \0$aArt and society.
=651  \0$aChile$xSocial conditions$y1970-
=651  \0$aChile$xPolitics and government$y1973-1988.
=650  \0$aCivil rights$zChile.
=650  \0$aCivil rights movements$zChile.
=600  10$aPinochet Ugarte, Augusto.
=610  10$aChile.$bPresident (1974-1990 : Pinochet Ugarte)
=650  \0$aDictatorship$zChile.
=650  \0$aDictators$zChile.
=653  \\$aCivil rights activism
=655  \7$aPerformance.$2nyu-hidvl
=655  \7$aPolitical performance.$2nyu-hidvl
=655  \7$aVideo performance.$2nyu-hidvl
=655  \7$aVideo/action on art and politics.$2nyu-hidvl
=710  2\$aColectivo Acciones de Arte.$4pro$4drt
=710  2\$aHemispheric Institute Digital Video Library.
=830  \0$aCADA (Colectivo Acciones de Arte) collection.
=856  40$uhttp://hdl.handle.net/2333.1/80gb5n2c

