=LDR  04454ngm a2200589 a 4500
=001  003209318
=005  20090414132258.0
=006  m\\\\\\\\c\\\\\\\\
=007  vf\ci\\ou
=007  cr\cn\---muuuu
=007  cr\|||||||||||
=008  090413e19810712cl\017\\\\\\\\\\\\vlzxx\d
=024  7\$aHI2006_011_07$2nyu-hidvl
=040  \\$aNNU$beng$cNNU$eamim
=043  \\$as-cl---
=245  00$a¡Ay Sudamérica! (unedited footage)$h[videorecording].
=246  3\$a¡Ay Sudamérica! :$bvideo/action on art and politics (unedited footage)
=260  \\$c1981 July 12.
=300  \\$3master.$a1 videocassette of 1 (Digital Betacam) (17 min.) :$bsi., col. ;$c1/2 in.
=490  1\$aCADA (Colectivo Acciones de Arte) collection
=530  \\$aAlso available online as streaming video.
=500  \\$aTitle supplied by Hemispheric Institute.
=500  \\$aPart of the Hemispheric Institute Digital Video Library.
=534  \\$pMedia source original:$e1 videocassette of 1 (Betacam SP) : si., col. ; 1/2 in.
=518  \\$aRecorded in Santiago, Chile, on July 12, 1981.
=508  \\$aCADA (Colectivo Acciones de Arte), producer, director ; Ignacio de Agüero, Patricio Bustamante, Juan Carlos Bustamante, Eugenio Tellez, videographers ; Patricia Saavedra, Ana M. López, photographers ; Lotty Rosenfeld, Diamela Eltit, Raúl Zurita, Juan Castillo, Fernando Balcells, creators.
=520  \\$aThe Colectivo de Acciones de Arte (CADA) is a Chilean activist group of artists (artists Lotty Rosenfeld and Juan Castillo, sociologist Fernando Balcells, poet Raúl Zurita and novelist Diamela Eltit) who used performance to challenge the Pinochet dictatorship in Chile. One of the most important contributors to the ‘Escena Avanzada’, CADA incorporated strategies of theatricality and performance as an essential element to all its ‘art actions’, while questioning the practices and institutions of all politics and conceiving art as a necessary social practice that eradicated the traditional distance between the artist and the spectator. Committed to the foundation of an open and spontaneous practice of spectatorship, their ‘interventions in everyday life’ intended to interrupt and alter the normalized routines of the daily urban life of the citizen, by means of a semiotic subversion that decontextualized and semantically restructured urban behaviors, locations and signs.
=520  \\$aOn July, 12th, 1981, six small airplanes, flying in perfect formation over Santiago, dropped 400,000 flyers discussing the relationship between art and society. This action referenced the bombardment of the House of Government (La Moneda), which marked the fall of Salvador Allende's democratic government and the beginning of Augusto Pinochet’s dictatorship in Chile. Through this ‘acción sobre arte y política’, CADA reconstructed the political trauma of 1973, while proposing a new critical political perspective. The flyers contained a message that simultaneously upheld each person’s right to a decent standard of living and proposed that the general public was capable of instating an entirely new concept of art — one that could overcome traditional, elite boundaries and become part of public life. This video clip includes raw footage of the airplane flight.
=540  \\$aThere are copyright restrictions on this collection. For more information, go to the online version of this video.
=650  \0$aPolitical participation$zChile.
=650  \0$aArt$xPolitical aspects.
=650  \0$aArt and social conflict.
=650  \0$aArt and state.
=650  \0$aArt and society.
=651  \0$aChile$xSocial conditions$y1970-
=651  \0$aChile$xPolitics and government$y1973-1988.
=650  \0$aCivil rights$zChile.
=650  \0$aCivil rights movements$zChile.
=600  10$aPinochet Ugarte, Augusto.
=610  10$aChile.$bPresident (1974-1990 : Pinochet Ugarte)
=650  \0$aDictatorship$zChile.
=650  \0$aDictators$zChile.
=653  \\$aCivil rights activism
=655  \7$aPerformance.$2nyu-hidvl
=655  \7$aPolitical performance.$2nyu-hidvl
=655  \7$aAcción.$2nyu-hidvl
=655  \7$aVideo/action on art and politics.$2nyu-hidvl
=710  2\$aColectivo Acciones de Arte.$4pro$4drt
=710  2\$aHemispheric Institute Digital Video Library.
=830  \0$aCADA (Colectivo Acciones de Arte) collection.
=856  40$uhttp://hdl.handle.net/2333.1/r2280gxm

