=LDR  04619ngm  2200625 a 4500
=001  003175704
=005  20090415125113.0
=006  m\\\\\\\\c\\\\\\\\
=007  vf\ciahou
=007  cr\cna---muuuu
=007  cr\|||||||||||
=008  090317s1982\\\\cl\049\\\\\\\\\\\\vlspa\d
=024  7\$aHI2006_017_03$2nyu-hidvl
=024  7\$aHI2006_017_06$2nyu-hidvl
=040  \\$aNNU$cNNU$eamim
=043  \\$as-cl---
=245  00$aEncuentro en torno a la publicación de la revista RUPTURA (unedited camera material)$h[videorecording].
=246  3\$aConference on the publication of RUPTURA journal (unedited camera material)
=260  \\$c1982.
=300  \\$3master.$a1 videocassette of 1 (Digital Betacam) (49 min.: pt.1. 11 min., pt.2. 38 min.) :$bsd., col. ;$c1/2 in.
=490  1\$aCADA (Colectivo Acciones de Arte) collection
=530  \\$aAlso available online as streaming video.
=500  \\$aTitle supplied by Hemispheric Institute.
=500  \\$aPart of the Hemispheric Institute Digital Video Library.
=534  \\$pMedia source original:$e1 videocassette of 1 (VHS) : sd., col. ; 1/2 in. SP.
=518  \\$aFilmed in Santiago, Chile, in 1982.
=508  \\$aCADA (Colectivo Acciones de Arte), producer ; Lotty Rosenfeld, videographer.
=511  0\$aLotty Rosenfeld, Raúl Zurita, creators/participants.
=546  \\$aIn Spanish.
=520  \\$aThe Colectivo de Acciones de Arte (CADA) is a Chilean activist group of artists (artists Lotty Rosenfeld and Juan Castillo, sociologist Fernando Balcells, poet Raúl Zurita, and novelist Diamela Eltit), who used performance to challenge the Pinochet dictatorship in Chile. One of the most important contributors to the 'Escena Avanzada', CADA incorporated strategies of theatricality and performance as an essential element to all its 'art actions', while questioning the practices and institutions of all politics and conceiving art as a necessary social practice that eradicated the traditional distance between the artist and the spectator. Committed to the foundation of an open and spontaneous practice of spectatorship, their 'interventions in everyday life' intended to interrupt and alter the normalized routines of the daily urban life of the citizen, by means of a semiotic subversion that decontextualized and semantically restructured urban behaviors, locations and signs.
=520  \\$aAs a part of their everyday interventions on art and politics in Chile, CADA established several self-financed journals to explore the theoretical questions behind 'avanzada' art. In 1982, CADA published the journal RUPTURA, printing 200 copies. This video footage shows a discussion around the journal in a meeting of artists.
=520  \\$aIn part 1, the discussion centers on the inclusion in the journal of an interview with visual artist Ernesto Muñoz. The inclusion of this interview generated a heated polemic because this artist was rejected by the liberal/leftist political milieu in which CADA participated. The interview was considered a wrong move. CADA members Raúl Zurita and Diamela Eltit defend and explain CADA's decision to publish the interview.
=520  \\$aIn part 2, they discuss the homage that the journal decided to pay to Colectivo Mural Brigada Ramona Parra, which devoted itself to the production of murals. They also discuss the status of CADA's artistic practice, which was frequently not considered as 'artistic'. Finally, they talk about the relationship of art and politics in the work of both CADA and Ramona Parra.
=540  \\$aThere are copyright restrictions on this collection. For more information, go to the online version of this video.
=600  10$aMuñoz, Ernesto.
=610  20$aBrigadas Ramona Parra.
=610  20$aColectivo Acciones de Arte.
=630  00$aRuptura : documento de arte.
=650  \0$aMural painting and decoration, Chilean.
=650  \0$aMural painting and decoration$xPolitical aspects$zChile.
=650  \0$aPolitical participation$zChile.
=650  \0$aArt$xPolitical aspects.
=650  \0$aArt and social conflict.
=651  \0$aChile$xSocial conditions$y1970-
=650  \0$aCivil rights$zChile.
=653  \\$aCivil rights activism
=655  \7$aDiscussion.$2nyu-hidvl
=655  \7$aCultural publications.$2nyu-hidvl
=700  1\$aRosenfeld, Lotty.$4vdg$4cre
=700  1\$aZurita, Raúl.$4cre
=710  2\$aColectivo Acciones de Arte.$4pro
=710  2\$aHemispheric Institute Digital Video Library.
=830  \0$aCADA (Colectivo Acciones de Arte) collection.
=856  40$uhttp://hdl.handle.net/2333.1/1g1jwt8p

