=LDR  04951ngm  2200781 a 4500
=001  003210347
=005  20090416093248.0
=006  m\\\\\\\\c\\\\\\\\
=007  vd\mvaizu
=007  vf\miahou
=007  cr\mna---muuuu
=007  vd\mvaizu
=007  cr\|||||||||||
=008  090415e198204uucl\002\\\\\\\\\\\\vlspa\d
=024  7\$aHI2006_018_03$2nyu-hidvl
=024  7\$aHI2006.018_03$2nyu-hidvl
=040  \\$aNNU$beng$cNNU$eamim
=043  \\$as-cl---
=079  \\$a(OCoLC)480536034
=245  00$aA la hora señalada$h[videorecording] :.$bthe making of.
=246  3\$aMaking of A la hora señalada
=246  1\$iOn opening screen:$aC.A.D.A. :$bperformance : sobre arte y política (making off) [sic]
=260  \\$c1982 Apr.
=300  \\$3viewing copy.$a1 videodisc of 1 (DVD) (2 min.) :$bsd., col. and b&w ;$c4 3/4 in.
=300  \\$3master.$a1 videocassette of 1 (Digital Betacam) (2 min.) :$bsd., col. and b&w ;$c1/2 in.
=490  1\$aCADA (Colectivo Acciones de Arte) collection
=530  \\$aAlso available online as streaming video.
=546  \\$aIn Spanish.
=500  \\$aTitle supplied by Hemispheric Institute.
=500  \\$a"El neon es el arma"--at end of clip.
=500  \\$aPart of the Hemispheric Institute Digital Video Library.
=534  \\$pMedia source original:$e1 videocassette of 1 (Betacam SP) : sd., col. and b&w ; 1/2 in.
=518  \\$aFilmed in Santiago, Chile, in April 1982.
=508  \\$aCADA (Colectivo Acciones de Arte), producer, director ; Lotty Rosenfeld, videographer ; Inés Paulino, Ana María López, photographers ; Lotty Rosenfeld, Diamela Eltit, Raúl Zurita, Juan Castillo, Fernando Balcells, creators.
=511  0\$aRaúl Zurita, Juan Castillo, performers.
=520  \\$aThe Colectivo de Acciones de Arte (CADA) is a Chilean activist group of artists (artists Lotty Rosenfeld and Juan Castillo, sociologist Fernando Balcells, poet Raúl Zurita and novelist Diamela Eltit) who used performance to challenge the Pinochet dictatorship in Chile. One of the most important contributors to the ‘Escena Avanzada’, CADA incorporated strategies of theatricality and performance as an essential element to all its ‘art actions’, while questioning the practices and institutions of all politics and conceiving art as a necessary social practice that eradicated the traditional distance between the artist and the spectator. Committed to the foundation of an open and spontaneous practice of spectatorship, their ‘interventions in everyday life’ intended to interrupt and alter the normalized routines of the daily urban life of the citizen, by means of a semiotic subversion that decontextualized and semantically restructured urban behaviors, locations and signs.
=520  \\$aShown in this video clip is a 'Making of' documentary of CADA’s performance on arts and politics ‘A la hora señalada’. In a neon light factory, CADA members Juan Castillo and Raúl Zurita perform a remake of the famous duel in the American western film ‘High Noon’ (translated in Latin America as ‘A la hora señalada’). Symbolizing a physical trace of this tense and dangerous situation, the artists extended between them a neon strip illuminating the scene – a duel of light, without weapons. The reference to the film works here as a denunciation of Chilean political violence during Augusto Pinochet’s dictatorship, and as an open call to utilize mourning as a productive force in the struggle for civil rights.
=540  \\$aThere are copyright restrictions on this collection. For more information, go to the online version of this video.
=650  \0$aPolitical participation$zChile.
=650  \0$aArt$xPolitical aspects.
=650  \0$aArt and social conflict.
=650  \0$aArt and state.
=650  \0$aArt and society.
=651  \0$aChile$xSocial conditions$y1970-
=651  \0$aChile$xPolitics and government$y1973-1988.
=650  \0$aCivil rights$zChile.
=650  \0$aCivil rights movements$zChile.
=600  10$aPinochet Ugarte, Augusto.
=610  10$aChile.$bPresident (1974-1990 : Pinochet Ugarte)
=650  \0$aDictatorship$zChile.
=650  \0$aDictators$zChile.
=653  \\$aCivil rights activism
=655  \7$aPerformance.$2nyu-hidvl
=655  \7$aPolitical performance.$2nyu-hidvl
=655  \7$aAcción.$2nyu-hidvl
=655  \7$aVideo/action on art and politics.$2nyu-hidvl
=700  1\$aRosenfeld, Lotty.$4cre
=700  1\$aEltit, Diamela,$d1949-$4cre
=700  1\$aZurita, Raúl.$4cre$4prf
=700  1\$aCastillo, Juan.$4cre$4prf
=700  1\$aBalcells, Fernando.$4cre
=710  2\$aColectivo Acciones de Arte.$4pro$4drt
=710  2\$aHemispheric Institute Digital Video Library.
=740  3\$aEl neon es el arma.
=830  \0$aCADA (Colectivo Acciones de Arte) collection.
=856  40$uhttp://hdl.handle.net/2333.1/zkh189q4

