=LDR  03580ngm a2200565 a 4500
=001  003612092
=005  20120604083201.0
=006  m\\\\\\\\c\\\\\\\\
=007  vd\cvaizu
=007  cr\cna---muuuu
=007  cr\|||||||||||
=008  120504e19820602nyu007\\\\\\\\\\\\vlspa\d
=024  7\$aHI2006_013_02$2nyu-hidvl
=024  7\$aHI2006_007_02$2nyu-hidvl
=040  \\$aNNU$beng$cNNU$eamim
=041  0\$aspa
=043  \\$as-cl---
=245  03$aLa vida nueva$h[videorecording] /$cRaúl Zurita, director.
=246  3\$aEscritura en el cielo
=260  \\$c1982 June 2.
=300  \\$3viewing copy.$a1 streaming video (7 min., 1 sec. : pt.1, 3 min., 10 sec.; pt.2, 3 min., 51 sec.) :$bsd., col. ;$c4 3/4 in.
=490  1\$aHemispheric Institute archive
=530  \\$aAlso available online as streaming video.
=546  \\$aIn Spanish.
=500  \\$aTitle supplied by Hemispheric Institute.
=500  \\$aPart of the Hemispheric Institute Digital Video Library.
=534  \\$pMedia source original:$e2 videocassettes of 2 (U-matic) : sd., col. ; 3/4 in.
=518  \\$aRecorded in New York City on June 2, 1982.
=508  \\$aRaúl Zurita, director ; Diamela Eltit, Lotty Rosenfeld, producers ; Juan Downey, videographer ; Ana María López, photographer.
=520  \\$aThis is a video documentation of the writing of the poem 'La Vida Nueva' in New York City's sky. For this 'performance-acción' or ‘poesía-acción’ (‘poetry-action’), five planes drew white smoke letters silhouetted over the blue sky. The poem was written in Spanish as form of recognition for all the minority groups all over the world. The photographs of this ‘poesía-acción’ are included in the book ‘Anteparaíso’ (‘Anteparadise,’ a bilingual edition, University of California Press, 1986). Raúl Zurita (Santiago de Chile, 1950) is a poet who, along with other artists, created the group CADA, Colectivo de Acciones de Arte, in 1979. CADA developed a large format or ‘monumental’ public art, characterized for being political and as a form of resistance against Pinochet’s dictatorship. Some of Zurita’s books are ‘Purgatorio’ (1979), ‘Anteparaíso’ (1982), ‘Canto a su amor desaparecido’ (1985), ‘La Vida Nueva’ (1994), ‘INRI’ (2003) y ‘Zurita’ (2011). He has traced poems in the sky (New York, 1982), and permanently in the Atacama desert (Chile, 1993). He has received the Guggenhaim and DAAD scholarships from Germany, and has obtained awards such as the Pablo Neruda and the National Literature Award in Chile, and the José Lezama Lima Award (Cuba, 2006), among others.
=540  \\$aThere are copyright restrictions on this collection. For more information, go to the online version of this video.
=650  \0$aPolitical participation$zNew York.
=650  \0$aArt$xPolitical aspects.
=650  \0$aArt and social conflict.
=650  \0$aArt and state.
=650  \0$aArt and society.
=651  \0$aChile$xPolitics and government$y1973-1988.
=650  \0$aCivil rights movements.
=653  \\$aCivil rights activism
=655  \7$aPerformance.$2nyu-hidvl
=655  \7$aPolitical performance.$2nyu-hidvl
=655  \7$aAcción.$2nyu-hidvl
=655  \7$aVideo/action on art and politics.$2nyu-hidvl
=700  1\$aZurita, Raúl.$4drt
=700  1\$aEltit, Diamela,$d1949-$4pro
=700  1\$aRosenfeld, Lotty.$4pro
=710  2\$aHemispheric Institute Digital Video Library.
=830  \0$aHemispheric Institute archive.
=856  40$uhttp://hdl.handle.net/2333.1/xd2548pt

