=LDR  04470cgm a2200505 a 4500
=001  003808911
=005  20140421222751.0
=006  m\\\\\\\\c\\\\\\\\
=007  cr\cna|||m|||a
=007  cr\|||||||||||
=008  130825s1983\\\\mau090\\\\\\\\s\\\vleng\d
=024  7\$aHI2012_031_01$2nyu-hidvl
=040  \\$aNNU$beng$cNNU
=041  0\$aeng
=043  \\$an-us---$an-us-va
=245  00$aDo Lord remember me$h[videorecording] /$cRoberta Uno, director ; New WORLD Theater, producer ; James de Jongh, playwright.
=260  \\$c1983.
=300  \\$3viewing copy.$astreaming video (89 min., 55 sec.) :$bsd., col.
=490  1\$aNew WORLD Theater collection
=546  \\$aIn English.
=500  \\$aTitle supplied by Hemispheric Institute.
=500  \\$aPart of the Hemispheric Institute Digital Video Library.
=518  \\$aPerformed at the Southwest Hampden Theater in Amherst, Massachusetts, in 1983.
=508  \\$aHorace Clarence Boyer, musical director ; Sarah D. Stauderman, set designer ; Miriam Hinkson and Dana Woods, costume designers ; Marc Olivere, lighting designer ; Stefan Rutherford and Monique Dees, stage managers.
=511  1\$aGloria Bankston, Nat Turner, Leroy Blair, Mangold Washington Jr., Richard Ammons, Felicia Thomas, performers.
=520  \\$a‘Do Lord Remember Me,’ directed by Roberta Uno, focuses on the memories of former slaves in Virginia. John De Jongh’s play was the perfect vehicle to bring together theater and music, with the collaboration of UMASS music professor Horace Boyer, and the participation of cast members from the community in Amherst. The memories of ex-slaves recorded in interviews in the 1930’s constitute the raw material of this theater piece. The lines and dialogue of this play are the words of black men and women in their eighties and nineties, who remember their experience of the ‘peculiar institution’ as it happened to them nearly a lifetime ago. Characters in the play adopt different personalities, telling the stories/histories of other slaves’ experiences, and expressing the oppressions of serving in the military, inter-racial relationships, and the black/white social power dynamic. Among these horrors, faith sustained them and infused their desire for survival, always holding the promise that in the future they will be free: ‘On my way to heaven, Lord remember me … do Lord, do Lord, do Lord remember me.’
=520  \\$aFrom 1979-2009, the New WORLD Theater worked at the intersection of artistic practice, community engagement, scholarship, and activism toward a vision of a ‘new world’ - one that broke the confines of multiculturalism and was an artistic harbinger of America’s shifting demographics. From a geographic ‘outpost’ in New England, New WORLD Theater evolved from a community organizing project and the Northeast point on a theater touring compass, to a protective studio to hone new work, a site of international intersections from South Africa to the South Bronx, and the home of inspired and rigorous collaborations with Western Massachusetts youth. New performance work development at New WORLD defied the conventional theater play lab as ghetto for artists of color; artists were met where they wanted to be in the imagining of new approaches, methods, and production. One of New WORLD Theater’s artistic legacies is Project 2050, an early call to imagine the U.S. demographic shift, with people of the future - youth, in equal collaboration with artists and scholars.
=534  \\$pMedia source original:$e1 videocassette of 1 (VHS) : sd., col. ; 1/2 in. SP.$m03339RE1 120 (no brand name)
=540  \\$aThere are copyright restrictions on this collection. For more information, go to the online version of this video.
=650  \0$aSlaves$xAbuse of$zUnited States.
=650  \0$aSlaves$zUnited States$xSocial conditions
=650  \0$aSlavery$zUnited States$xHistory
=650  \0$aAfrican Americans$zVirginia$vInterviews.
=650  \0$aCollective memory.
=650  \0$aIdentity politics.
=651  \0$aUnited States$xRace relations
=655  \7$aPerformance.$2nyu-hidvl
=655  \7$aTheater.$2nyu-hidvl
=700  1\$aDe Jongh, James.$4aus
=700  1\$aUno, Roberta,$d1956-$4pro
=710  2\$aNew WORLD Theater.$4pro
=710  2\$aHemispheric Institute Digital Video Library.
=830  \0$aNew WORLD Theater collection.
=856  40$uhttp://hdl.handle.net/2333.1/dv41ntr7

