=LDR  05467ngm a2200829 a 4500
=001  003090556
=004  003090556
=005  20090415181445.0
=006  m\\\\\\\\c\\\\\\\\
=007  vd\mvaizu
=007  vf\miahou
=007  cr\mna---muuuu
=007  vd\mvaizu
=007  cr\|||||||||||
=008  081013s1983\\\\cl\006\\\\\\\\\\\\vlspa\d
=024  7\$aHI2006_018_01$2nyu-hidvl
=024  7\$aHI2006.018_01$2nyu-hidvl
=040  \\$aNNU$beng$cNNU$eamim
=079  \\$a(OCoLC)852469612
=245  00$aNO+$h[videorecording] :$bthe making of.
=246  3\$aNO mas :$bthe making of
=246  3\$aMaking of NO+
=246  1\$iAlso called:$aNO more :$bthe making of
=246  1\$iOn opening screen:$aC.A.D.A. :$bvideo-acción : sobre arte y política
=246  1\$iAt end of clip:$aLlamamos a intervenir la ciudad con la consigna :$bNO +
=260  \\$c1983?.
=300  \\$3viewing copy.$a1 videodisc of 1 (DVD) (6 min.) :$bsd., col. and b&w ;$c4 3/4 in.
=300  \\$3master.$a1 videocassette of 1 (Digital Betacam) (6 min.) :$bsd., col. and b&w ;$c1/2 in.
=490  1\$aCADA (Colectivo Acciones de Arte) collection
=530  \\$aAlso available online as streaming video.
=546  \\$aIn Spanish.
=500  \\$aTitle supplied by Hemispheric Institute.
=500  \\$aPart of the Hemispheric Institute Digital Video Library.
=534  \\$pMedia source original:$e1 videocassette of 1 (Betacam SP) : sd., col. and b&w ; 1/2 in.
=500  \\$aAlso contains HI2006.018_02 ("The making of El fulgor de la huelga"), HI2006.018_03 ("The making of A la hora señalada"), and HI2006.018_04 ("Viuda").
=518  \\$aRecorded in Santiago, Chile, between 1979-1985 (circa 1983).
=508  \\$aCADA (Colectivo Acciones de Arte), producer, director ; Rubén Wiener, editor ; Lotty Rosenfeld, Gloria Camiruaga, Eugenio Ahumada, videographers ; Helen Hiuges, Lotty Rosenfeld, Fedora Torreblanca, Jorge Branmayer, Kena Lorenzini, photographers ; Lotty Rosenfeld, Diamela Eltit, Raúl Zurita, Juan Castillo, Fernando Balcells, creators.
=520  \\$aThe Colectivo de Acciones de Arte (CADA) is a Chilean activist group of artists (artists Lotty Rosenfeld and Juan Castillo, sociologist Fernando Balcells, poet Raúl Zurita and novelist Diamela Eltit) who used performance to challenge the Pinochet dictatorship in Chile. One of the most important contributors to the ‘Escena Avanzada’, CADA incorporated strategies of theatricality and performance as an essential element to all its ‘art actions’, while questioning the practices and institutions of all politics and conceiving art as a necessary social practice that eradicated the traditional distance between the artist and the spectator. Committed to the foundation of an open and spontaneous practice of spectatorship, their ‘interventions in everyday life’ intended to interrupt and alter the normalized routines of the daily urban life of the citizen, by means of a semiotic subversion that decontextualized and semantically restructured urban behaviors, locations and signs.
=520  \\$aIn 1983, the 10th year of Augusto Pinochet’s dictatorship in Chile, CADA proposed the slogan 'NO +' (NO more). This was meant as an open text to be completed by the citizens, according to their specific social demands (No more ...). CADA invited Chilean artists from different fields to spread this message on walls all over Santiago. Wall tagging was the first form of NO+, but the slogan was soon used by different collectives all over the country as a massive public symbol of political resistance and non-conformity.
=520  \\$aShown in this video clip is a 'Making Of' documentary, including a synopsis of the project (in Spanish), footage of the first NO+ actions in the Mapocho river in Santiago, and a series of slides (showing diverse actions, protests, plays, and wall tags) evidencing multiple appropriations and uses of the slogan for political intervention in the public sphere.
=540  \\$aThere are copyright restrictions on this collection. For more information, go to the online version of this video.
=650  \0$aPolitical participation$zChile.
=650  \0$aArt$xPolitical aspects.
=650  \0$aArt and social conflict.
=650  \0$aArt and state.
=650  \0$aArt and society.
=651  \0$aChile$xSocial conditions$y1970-
=651  \0$aChile$xPolitics and government$y1973-1988.
=650  \0$aCivil rights$zChile.
=650  \0$aCivil rights movements$zChile.
=600  10$aPinochet Ugarte, Augusto.
=610  10$aChile.$bPresident (1974-1990 : Pinochet Ugarte)
=650  \0$aDictatorship$zChile.
=650  \0$aDictators$zChile.
=653  \\$aCivil rights activism
=655  \7$aDocumentary.$2nyu-hidvl
=655  \7$aPerformance.$2nyu-hidvl
=655  \7$aPolitical performance.$2nyu-hidvl
=655  \7$aAcción.$2nyu-hidvl
=655  \7$aVideo/action on art & politics.$2nyu-hidvl
=655  \7$aGraffiti/tagging.$2nyu-hidvl
=700  1\$aRosenfeld, Lotty.$4cre
=700  1\$aEltit, Diamela,$d1949-$4cre
=700  1\$aZurita, Raúl.$4cre
=700  1\$aCastillo, Juan.$4cre
=700  1\$aBalcells, Fernando.$4cre
=710  2\$aColectivo Acciones de Arte.$4pro$4drt
=710  2\$aHemispheric Institute Digital Video Library.
=830  \0$aCADA (Colectivo Acciones de Arte) collection.
=856  40$uhttp://hdl.handle.net/2333.1/p8cz8wv1

