=LDR  04027cgm a2200577 a 4500
=001  000539311
=003  NNU
=004  NYUb13530408
=005  20071210173431.0
=006  m\\\\\\\\z\\\\\\\\
=007  vd\cvaizu
=007  vf\ciahou
=007  cr\cna
=007  cr\|||||||||||
=008  070508s1983\\\\nyu078\\\\\\\\\\\\vleng\d
=024  7\$aHI2007_054_01$2nyu-hidvl
=024  7\$aHI2007.054_01$2nyu-hidvl
=035  \\$a(NYU)NYUb13530408
=040  \\$aNNU$cNNU$eamim
=245  00$aBeauty and the beast$h[videorecording]
=246  3\$aBeauty and the beast (1983)
=260  \\$c1983.
=300  \\$3master.$a1 videocassette of 1 (Digital Betacam) (78 min.) :$bsd., col. ;$c1/2 in.
=300  \\$3viewing copy.$a1 videodisc of 1 (DVD) (78 min.) :$bsd., col. ;$c4 3/4 in.
=490  1\$aSplit Britches video collection
=530  \\$aAlso available online as streaming video.
=500  \\$aTitle supplied by Hemispheric Institute.
=500  \\$aPart of the Hemispheric Institute Digital Video Library.
=534  \\$pMedia source original:$e1 videocassette of 1 (VHS) : sd., col. ; 1/2 in. SP.$mFuji 120.
=518  \\$aPerformed at University of the Streets Café, New York City, in 1983.
=508  \\$aSplit Britches, producer; Lois Weaver, director, writer; Peggy Shaw, Deb Margolin, writers.
=511  1\$aLois Weaver, Peggy Shaw, Deb Margolin.
=520  \\$aSince 1981, the Split Britches Company (founded by Lois Weaver, Peggy Shaw, and Deb Margolin, www.splitbritches.com) has written and performed in trio, duet, and solo, as well as collaborated and performed with other artists. They describe their work in this way: 'Our work is rooted in popular culture, but positioned against it. It relies on moments rather than plot, relationships rather than story. It depends on the surprise of transformation rather than the logic of psychological narrative. It straddles the line between performance and theater, exploiting theatricality while exposing the pretense. It is about a community of outsiders, queers, eccentrics. It is feminist because it encourages the imaginative potential in everyone and lesbian because it takes the presence of lesbian on stage as a given.' Their vaudevillian satirical gender-bending performances have received numerous awards, including a Jane Chamber award and four Village Voice OBIE awards. Their collection of scripts, Split Britches Feminist Performance/Lesbian Practice, edited by Sue Ellen Case, won the 1997 Lambda Literary Award for Drama. This video documents the first version of their show Beauty and the Beast. Based on the classic fairy tale, influenced by the long rule of republican politics and informed by the Christian agenda that dominates the US scene up till the present, it is the personal journey of a Salvation Army woman who plays the good and beautiful daughter who secretly wants to be bad, a Rabbi in pink toe shoes who is relegated to the role of the father and longs to be a stand-up comic, and an 86-year-old lesbian vaudeville freak who embraces the role of the Beast and comments on politics by forgetting which play she is in.
=540  \\$aThere are copyright restrictions on this collection. For more information, go to the online version of this video.
=650  \0$aBeauty and the beast (Tale)$vParodies, imitations, etc.
=650  \0$aFairy tales$vDrama.
=655  \7$aPerformance.$2nyu-hidvl
=655  \7$aTheater.$2nyu-hidvl
=655  \7$aLesbian theater.$2nyu-hidvl
=655  \7$aFeminist theater.$2nyu-hidvl
=700  1\$aWeaver, Lois.$4drt$4aut$4prf
=700  1\$aShaw, Peggy.$4aut$4prf
=700  1\$aMargolin, Deb.$4aut$4prf
=710  2\$aSplit Britches (Theatre company)$4pro
=710  2\$aHemispheric Institute Digital Video Library.
=830  \0$aSplit Britches video collection.
=856  40$uhttp://hdl.handle.net/2333.1/vq83bkfx

