=LDR  04844cgm a22006615a 4500
=001  000512398
=003  NNU
=004  NYUb13500871
=005  20080318174309.0
=006  m\\\\\\\\z\\\\\\\\
=007  vd\cvaizu
=007  vf\ciahou
=007  cr\cna
=007  cr\|||||||||||
=008  070530s1984\\\\ck\045\\\\\\\\\\\\vlspa\d
=024  7\$aHI2006_150_02$2nyu-hidvl
=024  7\$aHI2006.150_02$2nyu-hidvl
=035  \\$a(NYU)NYUb13500871
=040  \\$aNNU$cNNU$eamim
=041  0\$aspa
=043  \\$as-ck---
=245  03$aLa tras escena$h[videorecording].
=246  3\$aTras-escena
=260  \\$c1984.
=300  \\$3master.$a1 videocassette of 1 (Digital Betacam) (45 min.) :$bsd., col. ;$c1/2 in.
=300  \\$3viewing copy.$a1 videodisc of 1 (DVD) (45 min.) :$bsd., col. ;$c4 3/4 in.
=490  1\$aTeatro La Candelaria collection
=530  \\$aAlso available online as streaming video.
=546  \\$aIn Spanish.
=500  \\$aContained on disc HI2006.150_01 ("El viento y la ceniza").
=500  \\$aTitle supplied by Hemispheric Institute.
=500  \\$aPart of the Hemispheric Institute Digital Video Library.
=534  \\$pMedia source original:$e1 videocassette of 1 (Mini DV) : sd., col. ; 1/4 in. SP.$mSony DVM60.
=518  \\$aPerformed at Teatro La Candelaria, Bogotá, Colombia, in 1984.
=508  \\$aFernando Peñuela, director, writer ; Teatro La Candelaria, producer ; Juan Manuel Lugo, set & costumes, poster ; Jorge Pinto, Hugo Torres, lighting ; Lina Uribe, sound ; Ignacio Rodríguez, music ; Luís Cruz, Monika Herrán, photographers.
=511  1\$aPatricia Ariza, Nohora Ayala, César Badillo, Hernando Forero, Santiago García, Francisco Martínez, Fernando Mendoza, Adelaida Nieto, Fernando Peñuela, Inés Prieto, Álvaro Rodríguez, Ignacio Rodríguez, Betty Rolando.
=520  \\$aVideo excerpts of this play. We see the backstage of a theatrical production. They are planning to do a rehearsal. The play shows the tensions and conflicts within the creative group as the debut approaches. They are staging a play about the conquest of America. Some of the actors seem to be very frustrated with the play and with their career. The play also shows the connections between theater and political interests and pressures (the group is the National Company of Theater). The director hires a group of Indigenous people to perform as Indians from the time of the Conquest. They refuse to perform without being paid and so the play becomes a mess. This is the first in a series of disturbances (most of them associated with political issues) that interrupts and threatens to ruin the rehearsals and the debut of the piece. This play represents an exercise in meta-theater by this experienced theater group, a fast-moving mixture of comedy and a rather serious consideration of the relationship between art and politics. La Candelaria (www.teatrolacandelaria.org.co) was founded in 1966 by a group of independent artists and intellectuals who came from experimental theater and the broader Colombian cultural movement. Directed by Santiago García, La Candelaria is one of Colombian theater's most innovative agents, modernizing national drama while addressing popular audiences. By means of an ongoing exploration of national folklore, situations and characters, they have created some of Colombia's most compelling plays, some of them through the method of 'creación colectiva' ('collective creation'), addressing the acute social and political problems of their society. At the same time, they fostered the creation of Corporación Colombiana del Teatro and have developed a number of theoretical works that reflect upon dramatic creation, its methods and languages. Still nowadays, La Candelaria is committed to repertoire, experimentation, and discussion as fundamental elements to artistic creation.
=540  \\$aThere are copyright restrictions on this collection. For more information, go to the online version of this video.
=650  \0$aTheater$zColombia.
=650  \0$aTheater$xPolitical aspects.
=650  \0$aPerforming arts$xPolitical aspects.
=650  \0$aArts$xPolitical aspects.
=653  \\$aArts and politics
=653  \\$aCreatión colectiva
=655  \7$aPerformance.$2nyu-hidvl
=655  \7$aTheater.$2nyu-hidvl
=655  \7$aCollective creation.$2nyu-hidvl
=655  \7$aColombian theater.$2nyu-hidvl
=700  1\$aPeñuela, Fernando.$4aut$4drt
=700  1\$aGarcía, Santiago.$4prf
=710  2\$aGrupo La Candelaria.$4pro
=710  2\$aHemispheric Institute Digital Video Library.
=830  \0$aTeatro La Candelaria collection.
=856  40$uhttp://hdl.handle.net/2333.1/sbcc2g1m

