=LDR  04803cgm a22006375a 4500
=001  000518668
=003  NNU
=004  NYUb13507867
=005  20071210173431.0
=006  m\\\\\\\\z\\\\\\\\
=007  vd\cvaizu
=007  vf\ciahou
=007  cr\cna
=007  cr\|||||||||||
=008  070620s1985\\\\cau011\\\\\\\\\\\\vlmul\d
=024  7\$aHI2005_073_01$2nyu-hidvl
=024  7\$aHI2005.073_01$2nyu-hidvl
=035  \\$a(NYU)NYUb13507867
=040  \\$aNNU$cNNU$eamim
=041  0\$aeng$aspa
=043  \\$an-us-ca$an-mx---
=245  00$aBorder realities$h[videorecording]
=260  \\$c1985.
=300  \\$3master.$a1 videocassette of 1 (Digital Betacam) (11 min.) :$bsd., col. ;$c1/2 in.
=300  \\$3viewing copy.$a1 videodisc of 1 (DVD) (11 min.) :$bsd., col. ;$c4 3/4 in.
=490  1\$aFrom Aztec to High-Tech : the performance video collections of Guillermo Gómez-Peña & La Pocha Nostra, 1985-2004.
=530  \\$aAlso available online as streaming video.
=546  \\$aIn English, Spanish, and Spanglish.
=500  \\$aTitle supplied by Hemispheric Institute.
=500  \\$aPart of the Hemispheric Institute Digital Video Library.
=534  \\$pMedia source original:$e1 videocassette of 1 (Mini DV) : sd., col. ; 1/4 in. SP.$mPanasonic DVM60.
=518  \\$aPerformed in San Diego, California, in 1985.
=508  \\$aMichael Schnorr, producer, director, set designer ; Isaac Artenstein, director ; Guillermo Gómez-Peña, writer, narrator, producer ; Isaac Artenstein, Karen Swanson, editors ; Alex Vargas, sound.
=511  1\$aGuillermo Gómez-Peña, Sara Jo Berman, Guillermo Rosette (dancer).
=520  \\$aFirst experimental video created by the Border Arts Workshop/Taller de Arte Fronterizo, of which Guillermo Gómez-Peña was a founding member. Some of the original members of this binational collective -concerned with 'border-crossing' and centred in the border-region around Tijuana and San Diego- collaboratively created this video art piece, intertwining footage of the Tijuana/San Diego border with excerpts of street performances, along with text written and narrated by Gómez-Peña. La Pocha Nostra (www.pochanostra.com) is an ever-morphing trans-disciplinary arts organization, founded in 1993 by Guillermo Gómez-Peña, Roberto Sifuentes, and Nola Mariano in California. The objective was to formally conceptualize Gómez-Peña's collaborations with other performance artists. It provides a base (and forum) for a loose network of rebel artists from various disciplines, generations and ethnic backgrounds, whose common denominator is the desire to cross and erase dangerous borders between art and politics, practice and theory, artist and spectator. As of June 2006, members include performance artists Guillermo Gómez-Peña, Violeta Luna, Michelle Ceballos, and Roberto Sifuentes; curators Gabriela Salgado and Orlando Britto; and over thirty associates worldwide in countries such as Mexico, Spain, the UK, and Australia. Projects range from performance solos and duets to large-scale performance installations including video, photography, audio, and cyber-art. La Pocha collaborates across national borders, race, gender and generations. Their collaborative model functions both as an act of citizen diplomacy and as a means to create ephemeral communities of like-minded rebels. The basic premise of these collaborations is founded on an ideal: If we learn to cross borders on stage, we may learn how to do so in larger social spheres. La Pocha strives to eradicate myths of purity and dissolve borders surrounding culture, ethnicity, gender, language, and métier. These are radical acts.
=540  \\$aThere are copyright restrictions on this collection. For more information, go to the online version of this video.
=650  \0$aBorder crossing$zCalifornia$zSan Diego.
=650  \0$aBorder crossing$zMexico$zTijuana (Baja California).
=655  \7$aPerformance.$2nyu-hidvl
=655  \7$aPerformance art.$2nyu-hidvl
=655  \7$aVideo art.$2nyu-hidvl
=655  \7$aBorder art.$2nyu-hidvl
=700  1\$aGómez-Peña, Guillermo.$4aut$4nrt$4pro$4prf
=700  1\$aBerman, Sara Jo.$4prf
=700  1\$aRosette, Guillermo.$4dnc
=700  1\$aSchnorr, Michael.$4pro$4drt$4std
=700  1\$aArtenstein, Isaac.$4drt
=710  2\$aPocha Nostra.
=710  2\$aBorder Art Workshop/Tallér de Arte Fronterízo.
=710  2\$aHemispheric Institute Digital Video Library.
=830  \0$aFrom Aztec to High-Tech : the performance video collections of Guillermo Gómez-Peña & La Pocha Nostra, 1985-2004.
=856  40$uhttp://hdl.handle.net/2333.1/7wm37q3k

