=LDR  04602cgm a22006495a 4500
=001  000514164
=003  NNU
=004  NYUb13502875
=005  20080403173707.0
=006  m\\\\\\\\z\\\\\\\\
=007  vd\cvaizu
=007  vf\ciahou
=007  cr\cna
=007  cr\|||||||||||
=008  070607e19850119pr\005\\\\\\\\\\\\vlspa\d
=024  7\$aHI2007_029_03$2nyu-hidvl
=024  7\$aHI2007.029_03$2nyu-hidvl
=035  \\$a(NYU)NYUb13502875
=040  \\$aNNU$cNNU$eamim
=041  0\$aspa
=043  \\$anwpr---$an-us---$ancnq---
=245  00$aMarcha de la plena verdad$h[videorecording].
=260  \\$c1985 Jan. 19.
=300  \\$3master.$a1 videocassette of 1 (Digital Betacam) (5 min.) :$bsd., col. ;$c1/2 in.
=300  \\$3viewing copy.$a1 videodisc of 1 (DVD) (5 min.) :$bsd., col. ;$c4 3/4 in.
=490  1\$aRosa Luisa Márquez and theater collaborators
=530  \\$aAlso available online as streaming video.
=546  \\$aIn Spanish.
=500  \\$aContained on disc HI2007.029_01 ("La pasión y muerte de Adolfina Villanueva").
=500  \\$aTitle supplied by Hemispheric Institute.
=500  \\$aPart of the Hemispheric Institute Digital Video Library.
=534  \\$pMedia source original:$e1 videocassette of 1 (Mini VHS) : sd., col. ; 1/2 in. SP.$mTDK T-120HSN.
=518  \\$aOccurred in San Juan, Puerto Rico, on Jan. 19, 1985.
=508  \\$aTaller de la Escarcha, producer, collective work ; Rosa Luisa Márquez, producer, director ; Antonio Martorell, Lydia Milagros González, directors ; Tito Otero , event coordinator ; Gabriel Suau, video ; featuring song 'La era nuclear' by Willie Colón.
=520  \\$aRosa Luisa Márquez (www.marquezmartorell.org) is a Puerto Rican theater artist and pedagogue; she specializes in contemporary theater. Rosa Luisa started her teaching career at the theater department of the University of Puerto Rico in 1978. She developed the current curriculum of Drama Activities, which she teaches in her workshops at schools, prisons, rehab centers, women's shelters and community centers. Her directing projects include 'Romeo(s) y Julieta(s),' 'Historias para ser Contadas,' 'La Leyenda del Cemí,' 'Procesión,' 'Waiting for Godot,' 'Jardín de Pulpos,' 'Absurdos en Soledad,' 'El León y la Joya,' among others. Published books include 'Brincos y saltos: el juego como disciplina teatral' and 'Historias para ser contadas, montaje de Rosa Luisa Márquez.' She is a member of the board of directors and pedagogical team for the EITALC's International School of Latin American and Caribbean Theater. Ongoing artistic collaborators include Gilda Navarra and Antonio Martorell (Puerto Rico), Grupo Malayerba (Ecuador), Grupo Yuyachkani (Peru), and directors Peter Shumann (Bread & Puppet Theater, U.S.A.) and Augusto Boal (Theater of the Oppressed, Brazil). 'La Marcha de la Plena Verdad' is Márquez's first graphic-theatrical collaboration with renowned visual artist Antonio Martorell. Created with Puerto Rican historian Lydia Milagros González, and with a turnout of over 120 participants, this public demonstration condemned the political intervention of the United States in Nicaragua. Willie Colón's 'La era nuclear' is the theme song showcased in this video, which documents the diverse masks, puppets, banners and other artistic strategies developed by 'Taller de la Escarcha' in order to claim a cease and desist of American political interventions in Central America.
=540  \\$aThere are copyright restrictions on this collection. For more information, go to the online version of this video.
=650  \0$aPerforming arts$zPuerto Rico.
=650  \0$aDemonstrations$zPuerto Rico.
=651  \0$aUnited States$xForeign relations$zNicaragua.
=651  \0$aUnited States$xForeign relations$zCentral America.
=655  \7$aPerformance.$2nyu-hidvl
=655  \7$aStreet intervention.$2nyu-hidvl
=655  \7$aPolitical performance.$2nyu-hidvl
=655  \7$aExperimental arts.$2nyu-hidvl
=655  \7$aPuerto Rican performance.$2nyu-hidvl
=700  1\$aMárquez, Rosa Luisa.$4pro$4drt
=700  1\$aMartorell, Antonio,$d1939-$4drt
=700  1\$aGonzález García, Lydia Milagros.$4drt
=710  2\$aTaller de la Escarcha.$4pro$4cre
=710  2\$aHemispheric Institute Digital Video Library.
=740  32$aLa era nuclear.
=830  \0$aRosa Luisa Márquez and theater collaborators.
=856  40$uhttp://hdl.handle.net/2333.1/866t1g8m

