=LDR  05024ngm a2200757 a 4500
=001  003210350
=005  20090416093244.0
=006  m\\\\\\\\c\\\\\\\\
=007  vd\cv\\zu
=007  vf\ci\\ou
=007  cr\cn\---muuuu
=007  vd\cv\\zu
=007  cr\|||||||||||
=008  090415e198509uucl\001\\\\\\\\\\\\vlspa\d
=024  7\$aHI2006_018_04$2nyu-hidvl
=024  7\$aHI2006.018_04$2nyu-hidvl
=040  \\$aNNU$beng$cNNU$eamim
=079  \\$a(OCoLC)480536465
=245  00$aViuda$h[videorecording].
=246  3\$aWidow
=246  1\$iOn opening screen:$aC.A.D.A. :$bprensa acción : sobre arte y política
=260  \\$c1985 Sept.
=300  \\$3viewing copy.$a1 videodisc of 1 (DVD) (1 min.) :$bsi., col. ;$c4 3/4 in.
=300  \\$3master.$a1 videocassette of 1 (Digital Betacam) (1 min.) :$bsi., col. ;$c1/2 in.
=490  1\$aCADA (Colectivo Acciones de Arte) collection
=530  \\$aAlso available online as streaming video.
=546  \\$aText in Spanish.
=500  \\$aTitle supplied by Hemispheric Institute.
=500  \\$aPart of the Hemispheric Institute Digital Video Library.
=534  \\$pMedia source original:$e1 videocassette of 1 (Betacam SP) : si., col. ; 1/2 in.
=518  \\$aRecorded in Santiago, Chile, in September 1985.
=508  \\$aCADA (Colectivo Acciones de Arte), producer, director ; Lotty Rosenfeld, videographer ; Paz Errázuriz, photographer ; Lotty Rosenfeld, Diamela Eltit, Raúl Zurita, Juan Castillo, Fernando Balcells, creators.
=520  \\$aThe Colectivo de Acciones de Arte (CADA) is a Chilean activist group of artists (artists Lotty Rosenfeld and Juan Castillo, sociologist Fernando Balcells, poet Raúl Zurita and novelist Diamela Eltit) who used performance to challenge the Pinochet dictatorship in Chile. One of the most important contributors to the ‘Escena Avanzada’, CADA incorporated strategies of theatricality and performance as an essential element to all its ‘art actions’, while questioning the practices and institutions of all politics and conceiving art as a necessary social practice that eradicated the traditional distance between the artist and the spectator. Committed to the foundation of an open and spontaneous practice of spectatorship, their ‘interventions in everyday life’ intended to interrupt and alter the normalized routines of the daily urban life of the citizen, by means of a semiotic subversion that decontextualized and semantically restructured urban behaviors, locations and signs.
=520  \\$aIn September 1985, CADA produced a portrait of a woman whose husband had been killed in a political demonstration against the dictatorship in Chile; they accompanied the image with the following text: ‘Mirar su gesto extremo y popular. Prestar atención a su viudez y sobreviviencia. Entender a un pueblo.’ (‘To look at her gesture, extreme and popular. To pay attention to her widowhood and survival. To understand a people’). They published this work in several journals (‘Análisis’, ‘Cauce’, ‘Hoy’) and in the newspaper ‘Fortín Mapocho’, all critical of Augusto Pinochet’s dictatorship. This art intervention was meant to celebrate civil protests against the dictatorship; these protests were brutally repressed by the government. ‘Viuda’ was meant to refer to this political situation, while pointing to women as surviving social subjects who remained in charge of entire families and homes after the disappearance of their husbands.
=520  \\$aShown in this video clip are still images of the newspaper article.
=540  \\$aThere are copyright restrictions on this collection. For more information, go to the online version of this video.
=650  \0$aPolitical participation$zChile.
=650  \0$aArt$xPolitical aspects.
=650  \0$aArt and social conflict.
=650  \0$aArt and state.
=650  \0$aArt and society.
=651  \0$aChile$xSocial conditions$y1970-
=651  \0$aChile$xPolitics and government$y1973-1988.
=650  \0$aCivil rights$zChile.
=650  \0$aCivil rights movements$zChile.
=600  10$aPinochet Ugarte, Augusto.
=610  10$aChile.$bPresident (1974-1990 : Pinochet Ugarte)
=650  \0$aDictatorship$zChile.
=650  \0$aDictators$zChile.
=653  \\$aCivil rights activism
=655  \7$aDocumentary.$2nyu-hidvl
=655  \7$aPerformance.$2nyu-hidvl
=655  \7$aPolitical performance.$2nyu-hidvl
=655  \7$aAcción.$2nyu-hidvl
=655  \7$aPrinted media performance.$2nyu-hidvl
=700  1\$aRosenfeld, Lotty.$4cre$4vdg
=700  1\$aEltit, Diamela,$d1949-$4cre
=700  1\$aZurita, Raúl.$4cre
=700  1\$aCastillo, Juan.$4cre
=700  1\$aBalcells, Fernando.$4cre
=710  2\$aColectivo Acciones de Arte.$4pro$4drt
=710  2\$aHemispheric Institute Digital Video Library.
=830  \0$aCADA (Colectivo Acciones de Arte) collection.
=856  40$uhttp://hdl.handle.net/2333.1/ttdz0974

