=LDR  04371cgm a22006375a 4500
=001  000512384
=003  NNU
=004  NYUb13500856
=005  20080318173515.0
=006  m\\\\\\\\z\\\\\\\\
=007  vd\cvaizu
=007  vf\ciahou
=007  cr\cna
=007  cr\|||||||||||
=008  070530s1986\\\\ck\016\\\\\\\\\\\\vlspa\d
=024  7\$aHI2006_150_01$2nyu-hidvl
=024  7\$aHI2006.150_01$2nyu-hidvl
=035  \\$a(NYU)NYUb13500856
=040  \\$aNNU$cNNU$eamim
=041  0\$aspa
=043  \\$as-ck---
=245  03$aEl viento y la ceniza$h[videorecording].
=260  \\$c1986.
=300  \\$3master.$a1 videocassette of 1 (Digital Betacam) (16 min.) :$bsd., col. ;$c1/2 in.
=300  \\$3viewing copy.$a1 videodisc of 1 (DVD) (16 min.) :$bsd., col. ;$c4 3/4 in.
=490  1\$aTeatro La Candelaria collection
=530  \\$aAlso available online as streaming video.
=546  \\$aIn Spanish.
=500  \\$aAlso includes HI2006.150_02 ("La tras escena").
=500  \\$aTitle supplied by Hemispheric Institute.
=500  \\$aPart of the Hemispheric Institute Digital Video Library.
=534  \\$pMedia source original:$e1 videocassette of 1 (Mini DV) : sd., col. ; 1/4 in. SP.$mSony DVM60.
=518  \\$aPerformed at Teatro La Candelaria, Bogotá, Colombia, in 1986.
=508  \\$aPatricia Ariza, director, writer ; Teatro La Candelaria, producer ; Carolina Vivas, assistant director ; Martha Ospina, set & costume designer ; Ignacio Rodríguez, music ; Hernando Forero, songs ; Santiago García, lighting design ; Temilda Rangel, costumes ; Misael Chávez, lighting.
=511  1\$aIgnacio Rodríguez, Nohora Ayala, Fernando Peñuela, Inés Prieto, César Badillo, Martha Osorio, Rafael Giraldo, Santiago García, Francisco Martínez, Álvaro Rodríguez, Hernando Forero, Fernando Mendoza.
=520  \\$aVideo excerpts of this theater piece recreating the drama of a Conquistador, spellbound by American exuberance, who returns to his country defeated and sick, just to be punished and forced to keep looking for El Dorado.We see one of the Spanish conquerors in his last days. He is haunted by several ghosts (his father, his mother, a woman) who tell him to go to America to do great deeds and become rich. One by one, all the ghosts from the past come to pay a visit and judge him. This is one of La Candelaria's plays concerned with the violent conquest of America, but it focuses on the conquerors, their miseries and their dreams. La Candelaria (www.teatrolacandelaria.org.co) was founded in 1966 by a group of independent artists and intellectuals who came from experimental theater and the broader Colombian cultural movement. Directed by Santiago García, La Candelaria is one of Colombian theater's most innovative agents, modernizing national drama while addressing popular audiences. By means of an ongoing exploration of national folklore, situations and characters, they have created some of Colombia's most compelling plays, some of them through the method of 'creación colectiva' ('collective creation'), addressing the acute social and political problems of their society. At the same time, they fostered the creation of Corporación Colombiana del Teatro and have developed a number of theoretical works that reflect upon dramatic creation, its methods and languages. Still nowadays, La Candelaria is committed to repertoire, experimentation, and discussion as fundamental elements to artistic creation.
=540  \\$aThere are copyright restrictions on this collection. For more information, go to the online version of this video.
=650  \0$aTheater$zColombia.
=650  \0$aConquerors.
=653  \\$aConquistadors
=653  \\$aConquest of America
=653  \\$aCreatión colectiva
=655  \7$aPerformance.$2nyu-hidvl
=655  \7$aTheater.$2nyu-hidvl
=655  \7$aCollective creation.$2nyu-hidvl
=655  \7$aColombian theater.$2nyu-hidvl
=700  1\$aAriza, Patricia.$4aut$4drt
=700  1\$aVivas, Carolina.$4drt
=710  2\$aGrupo La Candelaria.$4pro
=710  2\$aHemispheric Institute Digital Video Library.
=830  \0$aTeatro La Candelaria collection.
=856  40$uhttp://hdl.handle.net/2333.1/5mkkwhgg

