=LDR  04675ngm  2200505 a 4500
=001  003993492
=005  20140601210550.0
=006  m\\\\\\\\c\\\\\\\\
=007  cr\cna|||m|||a
=007  cr\|||||||||||
=008  140527e19860614bl\106\\\\\\\\s\\\vlpor\d
=024  7\$aHI2013_022_01$2nyu-hidvl
=040  \\$aNNU$beng$cNNU
=041  0\$apor
=043  \\$ae-fr---$as-bl---
=245  03$aAs Domésticas$h[videorecording] =$bThe maids /$cbased on a play by Jean Genet ; Ói Nóis Aqui Traveiz, collective direction.
=246  31$aMaids
=260  \\$c1986 June 14.
=300  \\$3viewing copy.$astreaming video (105 min., 16 sec.) :$bsd., col.
=490  1\$aTribo de Atuadores Ói Nóis Aqui Traveiz collection
=500  \\$aTitle supplied by the Hemispheric Institute.
=546  \\$aIn Portuguese.
=500  \\$aPart of the Hemispheric Institute Digital Video Library.
=508  \\$aIsabella Lacerda, set and costumes; Arlete Cunha, props and make-up; Danilo Costa, lighting.
=511  1\$aHorácio Borges, Paulo Flores, and Renan Costa, performers.
=518  \\$aPerformed in Porto Alegre, Brazil, on June 14, 1986.
=520  \\$aThis staging of Genet's The Maids focuses on the relationships of exploitation and subservience that inform the class differences between the two maids and their rich mistress. The production emphasizes the theme of a feminine universe subjugated to an essentially macho society by having the female characters be played by men. The set - chairs for the audience, a double bed, a wardrobe, and a dresser with a mirror - is decorated with flowers, satin drapes, an altar for a saint that stands for the mistress, and a large painting of a phallus. The staging takes place as a mystic-erotic ceremony, and the entire configuration of the furniture is phallic. In the role playing games the maids play, the ambiguities in their relationship to their mistress become obvious. They are connected to her image by affection, erotism, and hatred, while they nurture a deep feeling of contempt for each other, since they see in each other what they really are. Their greatest desire is not to eliminate the class to which their mistress belongs, but rather to occupy her place in society.
=520  \\$aBased in Porto Alegre, The Tribo de Atuadores Ói Nóis Aqui Traveiz was born in 1978 out of a desire for a radical renovation of the language of theatre. During the several years of their existence, they have created a personal aesthetics founded upon the authorial work of the actor, both on the stage and on the streets. Their venue, the Terreira da Tribo de Atuadores Ói Nóis Aqui Traveiz, works as a community theatre school, offering several free workshops open to the public. Their tribal organization is based on the principle of collective work, both in the creative process and in the maintenance of the space. For Ói Nóis Aqui Traveiz, theater is an instrument for both revealing and analyzing reality, and it's function is social: to contribute to the collective knowledge and to the improvement of the quality of life of the people. In a world marked by exclusion, marginalization, homogenization, by dehumanizing and barbaric efforts, they see it as their moral imperative to denounce injustice, sold opinions, authoritarianism, mediocrity and the erasing of memory. Ói Nóis sees theatre as an art of resistance, in the service of arts and politics, an art that does not fit the market patterns for ethics and aesthetics. Instead, they see theater as a way of life and as a vehicle for ideas: a theater that does not comment on life, but that takes part in it.
=534  \\$pMedia source original:$e1 videocassette (VHS) : sd., col. ; 1/2 in. SP.$mGradiente-T120.
=540  \\$aThere are copyright restrictions on this collection. For more information, go to the online version of this video.
=650  \0$aWomen household employees$zFrance$zParis$vDrama.
=650  \0$aMurder$zFrance$zParis$vDrama.
=650  \0$aTheater$zBrazil$zPorto Alegre (Rio Grande do Sul).
=650  \0$aTheater$xPolitical aspects$zBrazil.
=655  \7$aPerformance.$2nyu-hidvl
=655  \7$aTheater.$2nyu-hidvl
=700  1\$aBorges, Horácio,$eperformer
=700  1\$aFlores, Paulo$c(Performer),$eperformer
=700  1\$aCosta, Renan,$eperformer
=710  2\$aOi Nóis Aqui Traveiz (Theater group : Porto Alegre, Rio Grande do Sul, Brazil),$edirector.
=700  1\$aGenet, Jean,$d1910-1986.$tBonnes.
=710  2\$aHemispheric Institute Digital Video Library.
=830  \0$aTribo de Atuadores Oi Nóis Aqui Traveiz collection.
=856  40$uhttp://hdl.handle.net/2333.1/brv15gnx

