=LDR  04909cgm a22007095a 4500
=001  000514155
=003  NNU
=004  NYUb13502866
=005  20080403172401.0
=006  m\\\\\\\\z\\\\\\\\
=007  vd\cvaizu
=007  vf\ciahou
=007  cr\cna
=007  cr\|||||||||||
=008  070607s1986\\\\pr\019\\\\\\\\\\\\vlspa\d
=024  7\$aHI2007_029_02$2nyu-hidvl
=024  7\$aHI2007.029_02$2nyu-hidvl
=035  \\$a(NYU)NYUb13502866
=040  \\$aNNU$cNNU$eamim
=041  0\$aspa
=043  \\$anwpr---
=245  03$aLa leyenda del Cemí$h[videorecording].
=260  \\$c1986.
=300  \\$3master.$a1 videocassette of 1 (Digital Betacam) (19 min.) :$bsd., col. ;$c1/2 in.
=300  \\$3viewing copy.$a1 videodisc of 1 (DVD) (19 min.) :$bsd., col. ;$c4 3/4 in.
=490  1\$aRosa Luisa Márquez and theater collaborators
=530  \\$aAlso available online as streaming video.
=546  \\$aIn Spanish.
=500  \\$aContained on disc HI2007.029_01 ("La pasión y muerte de Adolfina Villanueva").
=500  \\$aTitle supplied by Hemispheric Institute.
=500  \\$aPart of the Hemispheric Institute Digital Video Library.
=534  \\$pMedia source original:$e1 videocassette of 1 (VHS) : sd., col. ; 1/2 in. SP.$mTDK T-120HSN.
=518  \\$aPerformed at the University of Puerto Rico, San Juan, Puerto Rico, in 1986.
=508  \\$aRosa Luisa Márquez, producer, director ; based on a story by Kalman Barsy ; Oscar Mestey-Villamil, creative collaborator ; Osvaldo Rivera, video.
=511  1\$aUniversity of Puerto Rico 'Drama Activities' students.
=520  \\$aRosa Luisa Márquez (www.marquezmartorell.org) is a Puerto Rican theater artist and pedagogue; she specializes in contemporary theater. Rosa Luisa started her teaching career at the theater department of the University of Puerto Rico in 1978. She developed the current curriculum of Drama Activities, which she teaches in her workshops at schools, prisons, rehab centers, women's shelters and community centers. Her directing projects include 'Romeo(s) y Julieta(s),' 'Historias para ser Contadas,' 'La Leyenda del Cemí,' 'Procesión,' 'Waiting for Godot,' 'Jardín de Pulpos,' 'Absurdos en Soledad,' 'El León y la Joya,' among others. Published books include 'Brincos y saltos: el juego como disciplina teatral' and 'Historias para ser contadas, montaje de Rosa Luisa Márquez.' She is a member of the board of directors and pedagogical team for the EITALC's International School of Latin American and Caribbean Theater. Ongoing artistic collaborators include Gilda Navarra and Antonio Martorell (Puerto Rico), Grupo Malayerba (Ecuador), Grupo Yuyachkani (Peru), and directors Peter Shumann (Bread & Puppet Theater, U.S.A.) and Augusto Boal (Theater of the Oppressed, Brazil). In conjunction with visual artist Antonio Martorell, she created the concept of 'Teatreros Ambulantes' (Itinerant Performers, 1987-1990), resulting in twelve productions. 'La Leyenda del Cemí' was created by Márquez in collaboration with Puerto Rican artist Oscar Mestey as a final project with her students of the course 'Drama Activities' at the University of Puerto Rico. Based on the eponymous story by writer Kalman Barsy, the piece tells a mythical account of the birth of the island of Puerto Rico. Indigenous Taíno iconography, performing objects made of everyday artifacts, experimental storytelling, live music and infectious Caribbean rhythms create a submarine world where sea creatures join together to reshape the Earth, fulfilling an island's secret dream. This piece consolidated the group of students who later became the Teatreros Ambulantes.
=540  \\$aThere are copyright restrictions on this collection. For more information, go to the online version of this video.
=650  \0$aTheater$zPuerto Rico.
=650  \0$aExperimental theater$zPuerto Rico.
=650  \0$aStorytelling$zPuerto Rico.
=650  \0$aFolklore$xPerformance$zPuerto Rico.
=650  \0$aTaino Indians$zPuerto Rico.
=653  \\$aStorytelling in performance
=653  \\$aCollaborative creation
=655  \7$aPerformance.$2nyu-hidvl
=655  \7$aTheater.$2nyu-hidvl
=655  \7$aUniversity theater.$2nyu-hidvl
=655  \7$aExperimental theater.$2nyu-hidvl
=655  \7$aCollective creation.$2nyu-hidvl
=655  \7$aPuppet theater.$2nyu-hidvl
=655  \7$aStorytelling.$2nyu-hidvl
=700  1\$aMárquez, Rosa Luisa.$4pro$4drt
=700  1\$aBarsy, Kalman.$4aut
=700  1\$aMestey Villamil, Oscar,$d1955-
=710  2\$aTeatreros Ambulantes (Cayey, Puerto Rico)
=710  2\$aHemispheric Institute Digital Video Library.
=830  \0$aRosa Luisa Márquez and theater collaborators.
=856  40$uhttp://hdl.handle.net/2333.1/cz8w9grg

