=LDR  03612cgm a2200469 a 4500
=001  003808912
=005  20140421222801.0
=006  m\\\\\\\\c\\\\\\\\
=007  cr\cna|||m|||a
=007  cr\|||||||||||
=008  130825e19861026mau059\\\\\\\\s\\\vleng\d
=024  7\$aHI2012_032_01$2nyu-hidvl
=040  \\$aNNU$beng$cNNU
=041  0\$aeng
=245  00$aBe still and know$h[videorecording] /$cRoberta Uno, producer and director ; New WORLD Theater, producer ; Stephen M. Newby , creator.
=260  \\$c1986 Oct. 26.
=300  \\$3viewing copy.$astreaming video (58 min., 30 sec.) :$bsd., col.
=490  1\$aNew WORLD Theater collection
=546  \\$aIn English.
=500  \\$aTitle supplied by Hemispheric Institute.
=500  \\$aPart of the Hemispheric Institute Digital Video Library.
=518  \\$aPerformed at the University of Massachusetts in Amherst, Massachusetts, on October 26, 1986.
=508  \\$aStephen M. Newby, composer ; Joel Saxe, videographer.
=511  1\$aVocal Jazz and Afroamerican Ensemble, performer.
=520  \\$aStephen Newby composed and conducted the Vocal Jazz and Afroamerican Ensemble in the gospel/jazz oratorio ‘Be Still and Know.’ With the direction of Roberta Uno, this performance stages the space of the church, and the choir’s voices, as site for political discussion on identity matters, given that the multicultural and multiracial ensemble melts musically in harmony. The chorus ‘Be still and know that I am God,’ is not only a calling on people and children to put their faith and trust in God, but mostly an invitation to learning and sharing through voices, music, and sound.
=520  \\$aFrom 1979-2009, the New WORLD Theater worked at the intersection of artistic practice, community engagement, scholarship, and activism toward a vision of a ‘new world’ - one that broke the confines of multiculturalism and was an artistic harbinger of America’s shifting demographics. From a geographic ‘outpost’ in New England, New WORLD Theater evolved from a community organizing project and the Northeast point on a theater touring compass, to a protective studio to hone new work, a site of international intersections from South Africa to the South Bronx, and the home of inspired and rigorous collaborations with Western Massachusetts youth. New performance work development at New WORLD defied the conventional theater play lab as ghetto for artists of color; artists were met where they wanted to be in the imagining of new approaches, methods, and production. One of New WORLD Theater’s artistic legacies is Project 2050, an early call to imagine the U.S. demographic shift, with people of the future - youth, in equal collaboration with artists and scholars.
=534  \\$pMedia source original:$e1 videocassette of 1 (VHS) : sd., col. ; 1/2 in. SP.$mMaxell P/l Plus T-120
=540  \\$aThere are copyright restrictions on this collection. For more information, go to the online version of this video.
=650  \0$aChristianity and culture.
=650  \0$aReligion and politics.
=650  \0$aGospel music$xEffect of multiculturalism on.
=650  \0$aMulticulturalism.
=655  \7$aPerformance.$2nyu-hidvl
=655  \7$aTheater.$2nyu-hidvl
=655  \7$aGospel/jazz oratorio.$2nyu-hidvl
=700  1\$aNewby, Stephen,$d1961-$4cre
=700  1\$aUno, Roberta,$d1956-$4pro$4drt
=710  2\$aNew WORLD Theater.$4pro
=710  2\$aHemispheric Institute Digital Video Library.
=830  \0$aNew WORLD Theater collection.
=856  40$uhttp://hdl.handle.net/2333.1/931zct88

