=LDR  04873cgm a22007335a 4500
=001  000511329
=003  NNU
=004  NYUb13499702
=005  20080307123659.0
=006  m\\\\\\\\z\\\\\\\\
=007  vd\cvaizu
=007  vf\ciahou
=007  cr\cna
=007  cr\|||||||||||
=008  070523s1986\\\\ec\039\\\\\\\\\\\\vlspa\d
=024  7\$aHI2006_125_01$2nyu-hidvl
=024  7\$aHI2006.125_01$2nyu-hidvl
=040  \\$aNNU$cNNU$eamim
=041  0\$aspa
=043  \\$as-ck---
=245  00$aNoticias de María$h[videorecording].
=260  \\$c1986.
=300  \\$3master.$a1 videocassette of 1 (Digital Betacam) (39 min.) :$bsd., col. ;$c1/2 in.
=300  \\$3viewing copy.$a1 videodisc of 1 (DVD) (39 min.) :$bsd., col. ;$c4 3/4 in.
=490  1\$aDramaturgia de género : Teatro La Máscara collection
=530  \\$aAlso available online as streaming video.
=546  \\$aIn Spanish.
=500  \\$aTitle supplied by Hemispheric Institute.
=500  \\$aPart of the Hemispheric Institute Digital Video Library.
=534  \\$pMedia source original:$e1 videocassette of 1 (VHS) : sd., col. ; 1/2 in. SP.$mSony T-120.
=518  \\$aPerformed in Quito, Ecuador, in 1986.
=508  \\$aTeatro La Máscara, producer, props, costumes ; Jacqueline Vidal, director ; Lucy Bolaños, assistant director ; based on 'Nuevas Cartas Portuguesas-Las Tres Marías' by María Isabel Barreno, María Teresa Horta, and María Velho da Costa ; Gonzalo Alonso Vidal, set and lighting design.
=511  1\$aLucy Bolaños, María Eugenia González, Luz Marina Gil, Susana Uribe, Pilar Restrepo, María Antonia Fernández.
=520  \\$aFirst theater piece by Teatro La Máscara, 'Noticias de María' is composed of two skits exploring feminine issues from the perspective of education and matrimony. 'María M.' emphasizes the sense of confinement a woman feels in her marriage, where her role as a wife is idealized in order to mask the submissive behavior expected by her husband; Maria M. is driven to madness (we find her in a psychiatric ward) and ultimately to death, rather than to return to her married life. 'Maria Adelia' portrays the adolescent world in a religious school, where young women are taught the cultural expectations of division of roles between men and women in society. Overall, 'Noticias de María' poses a feminist critique to women's passive acceptance of a gendered 'destiny' determined by a 'machista' society. Teatro La Máscara is the oldest - and one of the only - feminist, all-women's theater in Colombia. Founded in 1972 in Cali, La Máscara was a political theater initially comprised of male as well as female actors; by the early 1980s, when only the women stayed and wanted to continue the theatrical trajectory of the group, Lucy Bolaños decided to make La Máscara a women's ensemble fully dedicated to a feminine dramaturgy on gender issues. Committed to feminism and social change, they have stayed true to this mission, despite the many social and economic pressures they've had to endure in an environment plagued by violence and machismo, which constantly seeks to 'invisibilize' their work. Because of their fruitful stubbornness, La Máscara is not only creating and staging plays, but also working with marginalized communities, actively participating in political protests and demonstrations, and being involved in the organization of theater festivals. Through their work, they keep re-thinking women's role in the construction of a peaceful Colombia.
=540  \\$aThere are copyright restrictions on this collection. For more information, go to the online version of this video.
=650  \0$aFeminist theater$zColombia.
=650  \0$aTheater$zColombia.
=650  \0$aSex role.
=650  \0$aFeminism.
=650  \0$aWomen$xSocial life and customs.
=650  \0$aMarriage.
=653  \\$aGender and culture
=655  \7$aPerformance.$2nyu-hidvl
=655  \7$aTheater.$2nyu-hidvl
=655  \7$aFeminist theater.$2nyu-hidvl
=700  1\$aVidal, Jacqueline.$4drt
=700  1\$aBolaños, Lucy.$4drt$4prf
=700  1\$aBarreno, Maria Isabel,$d1939-$4org
=700  1\$aHorta, Maria Teresa.$4org
=700  1\$aCosta, Maria Velho da.$4org
=700  1\$aGonzález, María Eugenia.$4prf
=700  1\$aGil, Luz Marina.$4prf
=700  1\$aUribe, Susana.$4prf
=700  1\$aRestrepo, Pilar,$d1958-$4prf
=700  1\$aFernández, María Antonia.$4prf
=710  2\$aTeatro La Máscara (Cali, Colombia)$4pro
=710  2\$aHemispheric Institute Digital Video Library.
=830  \0$aDramaturgia de género : Teatro La Máscara collection
=856  40$uhttp://hdl.handle.net/2333.1/rjdfn38q

