=LDR  03987cgm a2200637 a 4500
=001  000539235
=003  NNU
=004  NYUb13530325
=005  20071210173431.0
=006  m\\\\\\\\z\\\\\\\\
=007  vd\cvaizu
=007  vf\ciahou
=007  cr\cna
=007  cr\|||||||||||
=008  070508s1986\\\\nyu079\\\\\\\\\\\\vleng\d
=024  7\$aHI2007_051_01$2nyu-hidvl
=024  7\$aHI2007.051_01$2nyu-hidvl
=035  \\$a(NYU)NYUb13530325
=040  \\$aNNU$cNNU$eamim
=043  \\$an-us---
=245  00$aUpwardly mobile home$h[videorecording]
=246  3\$aUpwardly mobile home (1986)
=260  \\$c1986.
=300  \\$3master.$a1 videocassette of 1 (Digital Betacam) (79 min.) :$bsd., col. ;$c1/2 in.
=300  \\$3viewing copy.$a1 videodisc of 1 (DVD) (79 min.) :$bsd., col. ;$c4 3/4 in.
=490  1\$aSplit Britches video collection
=530  \\$aAlso available online as streaming video.
=500  \\$aTitle supplied by Hemispheric Institute.
=500  \\$aPart of the Hemispheric Institute Digital Video Library.
=534  \\$pMedia source original:$e1 videocassette of 1 (VHS) : sd., col. ; 1/2 in. SP.$mMaxell.
=518  \\$aPerformed at WOW Café Theatre, New York City, 1986.
=508  \\$aSplit Britches, producer ; Lois Weaver, director ; Deb Margolin, Peggy Shaw, Lois Weaver, writers ; Susan Young, set.
=511  1\$aLois Weaver, Peggy Shaw, Deb Margolin.
=520  \\$aSince 1981, the Split Britches Company (founded by Lois Weaver, Peggy Shaw, and Deb Margolin, www.splitbritches.com) has written and performed in trio, duet, and solo, as well as collaborated and performed with other artists. They describe their work in this way: 'Our work is rooted in popular culture, but positioned against it. It relies on moments rather than plot, relationships rather than story. It depends on the surprise of transformation rather than the logic of psychological narrative. It straddles the line between performance and theater, exploiting theatricality while exposing the pretense. It is about a community of outsiders, queers, eccentrics. It is feminist because it encourages the imaginative potential in everyone and lesbian because it takes the presence of lesbian on stage as a given.' Their vaudevillian satirical gender-bending performances have received numerous awards, including a Jane Chamber award and four Village Voice OBIE awards. Their collection of scripts, Split Britches Feminist Performance/Lesbian Practice, edited by Sue Ellen Case, won the 1997 Lambda Literary Award for Drama. This video documents their show Upwardly Mobile Home. Originally produced at WOW Café on East 11th Street, New York City in 1984, this version is a revived performance at WOW Café on 4th Street in 1986. The piece is a working class survival story, where a troupe of actors camps out under the Brooklyn bridge and peddle their wares, trying unsuccessfully to sell out and be greedy like the rest of America in the 1980s.
=540  \\$aThere are copyright restrictions on this collection. For more information, go to the online version of this video.
=650  \0$aSocial mobility$zUnited States$vDrama.
=650  \0$aWorking class$zUnited States$vDrama.
=653  \\$aMoney-making
=653  \\$aGreed
=653  \\$aQueer performance
=655  \7$aPerformance.$2nyu-hidvl
=655  \7$aTheater.$2nyu-hidvl
=655  \7$aLesbian theater.$2nyu-hidvl
=655  \7$aFeminist theater.$2nyu-hidvl
=700  1\$aWeaver, Lois.$4drt$4aut$4prf
=700  1\$aShaw, Peggy.$4aut$4prf
=700  1\$aMargolin, Deb.$4aut$4prf
=700  1\$aYoung, Susan.$4std
=710  2\$aSplit Britches (Theatre company)$4pro
=710  2\$aHemispheric Institute Digital Video Library.
=830  \0$aSplit Britches video collection.
=856  40$uhttp://hdl.handle.net/2333.1/44j0zpmc

