=LDR  04228ngm  2200457 a 4500
=001  003994004
=005  20140601121748.0
=006  m\\\\\\\\c\\\\\\\\
=007  cr\cna|||m|||a
=007  cr\|||||||||||
=008  140529s1987\\\\bl\164\\\\\\\\s\\\vlpor\d
=024  7\$aHI2013_023_01$2nyu-hidvl
=024  7\$aHI2013_024_01$2nyu-hidvl
=040  \\$aNNU$beng$cNNU
=041  0\$apor
=043  \\$as-bl---
=245  00$aFim de Partida$h[videorecording] =$bEndgame /$cadaptation of the play by Samuel Beckett ; Ói Nóis Aqui Traveiz, collective direction.
=246  31$aEndgame
=260  \\$c1987.
=300  \\$3viewing copy.$astreaming video (163 min., 27 sec.: pt.1, 122 min., 19 sec.; pt.2, 41 min., 8 sec.) :$bsd., col.
=490  1\$aTribo de Atuadores Ói Nóis Aqui Traveiz collection
=500  \\$aTitle supplied by the Hemispheric Institute.
=546  \\$aIn Portuguese.
=500  \\$aPart of the Hemispheric Institute Digital Video Library.
=508  \\$aIsabella Lacerda, sets and costumes; Zezinho Moura, lighting and soundtrack.
=511  1\$aArlete Cunha, Maria Rosa, Sérgio Etchichury, and Paulo Flores, performers.
=518  \\$aRecorded in Porto Alegre, Brazil, in 1987.
=520  \\$aBased in Porto Alegre, The Tribo de Atuadores Ói Nóis Aqui Traveiz was born in 1978 out of a desire for a radical renovation of the language of theatre. During the several years of their existence, they have created a personal aesthetics founded upon the authorial work of the actor, both on the stage and on the streets. Their venue, the Terreira da Tribo de Atuadores Ói Nóis Aqui Traveiz, works as a community theatre school, offering several free workshops open to the public. Their tribal organization is based on the principle of collective work, both in the creative process and in the maintenance of the space. For Ói Nóis Aqui Traveiz, theater is an instrument for both revealing and analyzing reality, and it's function is social: to contribute to the collective knowledge and to the improvement of the quality of life of the people. In a world marked by exclusion, marginalization, homogenization, by dehumanizing and barbaric efforts, they see it as their moral imperative to denounce injustice, sold opinions, authoritarianism, mediocrity and the erasing of memory. Ói Nóis sees theatre as an art of resistance, in the service of arts and politics, an art that does not fit the market patterns for ethics and aesthetics. Instead, they see theater as a way of life and as a vehicle for ideas: a theater that does not comment on life, but that takes part in it.
=520  \\$aIn this staging of Beckett's Endgame, the audience has to cross a long tunnel covered in zinc plates to arrive at the desolating image of the four characters, physically limited and trapped in between walls of zinc, consumed by relationships of anguish and resentment. There is a silent and desperate pact between them, where Hamm is the despot who gives the orders which Clov obeys, but it is Clov who determines if the game goes on or not, since he could leave at any time and the others would die. The whole story revolves around the fear that he may leave, but he doesn't, because there is nowhere to go. Even in the end, when he ceases to answer the request of the blind Hamm, Clov stands by his side, still and silent, with a suitcase in hand. Everything ends as it began, and nothing happens.
=534  \\$pMedia source original:$e2 videocassettes (VHS) : sd., col. ; 1/2 in. SP.$mFujiyama T-120.
=540  \\$aThere are copyright restrictions on this collection. For more information, go to the online version of this video.
=650  \0$aTheater$zBrazil$zPorto Alegre (Rio Grande do Sul).
=650  \0$aTheater$xPolitical aspects$zBrazil.
=655  \7$aPerformance.$2nyu-hidvl
=655  \7$aTheater.$2nyu-hidvl
=700  1\$aBeckett, Samuel, 1906-1989.$tFin de partie.
=710  2\$aOi Nóis Aqui Traveiz (Theater group : Porto Alegre, Rio Grande do Sul, Brazil),$edirector.
=710  2\$aHemispheric Institute Digital Video Library.
=830  \0$aTribo de Atuadores Ói Nóis Aqui Traveiz collection.
=856  40$uhttp://hdl.handle.net/2333.1/k98sf9ff

