=LDR  06171cgm a2200673 a 4500
=001  000539671
=003  NNU
=004  NYUb13530783
=005  20090409123010.0
=006  m\\\\\\\\z\\\\\\\\
=007  vd\cvaizu
=007  vf\ciahou
=007  cr\cna
=007  cr\|||||||||||
=008  070508e19870401cau059\\\\\\\\\\\\vleng\d
=024  7\$aHI2007_076_01$2nyu-hidvl
=024  7\$aHI2007.076_01$2nyu-hidvl
=035  \\$a(NYU)NYUb13530783
=040  \\$aNNU$cNNU$eamim
=041  0\$aeng$aspa
=245  00$aCorridos :$btales of passion and revolution$h[videorecording]
=246  30$aTales of passion and revolution
=260  \\$c1987 Apr. 1.
=300  \\$3master.$a1 videocassette of 1 (Digital Betacam) (59 min.) :$bsd., col. ;$c1/2 in.
=300  \\$3viewing copy.$a1 videodisc of 1 (DVD) (59 min.) :$bsd., col. ;$c4 3/4 in.
=490  1\$aEl Teatro Campesino collection
=530  \\$aAlso available online as streaming video.
=546  \\$aIn English and Spanish.
=500  \\$aNationally broadcast on PBS.
=500  \\$aTitle supplied by Hemispheric Institute.
=500  \\$aPart of the Hemispheric Institute Digital Video Library.
=534  \\$pMedia source original:$e1 videocassette of 1 (VHS) : sd., col. ; 1/2 in. SP.$mSony T-120.
=518  \\$aRecorded at KQED studios, San Francisco, CA, on Apr. 1, 1987.
=508  \\$aJanis Blackschleger, producer ; Luis Valdez, director, writer ; José Delgado, associate producer ; Tony Curiel, assistant director ; Daniel Valdez, music production & adaptation ; George Riesenberger, lighting director ; Ken Short, art director ; Diane Rodriguez, costume designer ; Miguel Delgado, choreographer ; Stuart Chapman, scenic artist ; David Silva, assistant music director ; Greg Malley, Kate Connell, scenic properties ; Sunset Sound, music recording ; Tech'nique, Scenic Designs, set construction.
=511  1\$aClancy Brown, Felipe Cantu, Evelyn Cisneros, Miguel Delgado, George Galvan, Lettie Ibarra, Linda Lopez, Rogelio Lopez, Sal Lopez, Alma Martinez, Irma Rangel, Linda Ronstadt, Daniel Valdez, Lakin Valdez, Luis Valdez, Robert Vega, Raul Flores, Larry Hernandez, Richard Montoya, Robert Ojeda, Felipe Rodriguez, Angel Uribe, J. 'Bea' Brown, José Burciaga, Carmen Carillo, Yvonne Cervantes, Barbara Curiel, José Delgado, Phil Esparza, Andres Gutierrez, Lino Ibarra, Barbara Jitner, Urbanie Lucero, Marisa Leal, Bob Morales, Henry Moreno, Luis Moreno, Rosa Moreno, Licha Muñoz, June Ouellette, Olga M. Perez, Rojelio Perez, Jaco Rodriguez, Anahuac Valdez, Kinan Valdez, Lupe Valdez.
=520  \\$aCorridos: Tales of Passion and Revolution, nationally broadcast on PBS and the winner of the George Peabody for excellence in Television in 1987, was the final result of the El Teatro Campesino's stage production of the same name. The piece began as a five week workshop in ETC's San Juan Bautista playhouse in the summer of 1982, exploring the stories and narrative lyrics of Mexican popular ballads or corridos. The workshop production was an instant popular success with audiences and critics. ETC decided to stage a new production of Corridos at the Marines Memorial Theater in San Francisco, where it ran for three months to great reviews and eleven Bay Area Critics Awards. Other stagings followed in 1984. Corridos finally evolved into a full-fledged video production in 1987, after several drafts of the script that not only reworked the selection of ballads, but also condensed the material to fit into the confines of a one-hour special. The production presents two full-length corridos: Delgadina (a haunting parable of incest in a wealthy Mexican family), and Soldadera (based on the dispatches of American journalist John Reed, in which the compelling story of Elizabeta is framed by three songs of women during the 1910 Mexican Revolution). Highlights from other traditional corridos are connected by engaging narrative sequences: Yo soy El Corrido (the story of the corrido itself), Rosita Alvirez (a comedic parable of a defiant young woman who meets an early death), and El Lavaplatos (the story of an immigrant who dreams of becoming a movie star and ends up a dishwasher). Joining members of the original cast, the production included popular songstress Linda Ronstadt, singer/actor Daniel Valdez, San Francisco Ballet artist Evelyn Cisneros, and actor Clancy Brown.
=500  \\$aAdditional credits: original musical arrangements from the stage production: Francisco Gonzalez ; originally produced for the stage by Charles H. Duggan and El Teatro Campesino ; 'Yo Soy el Corrido' music medley performed by Los Camperos, Natividad Cano, Maestro ; 'Delgadina', 'Soldadera' and 'El Lavaplatos' music performed by Sam Garcia, Fermin Herrera, Bernardo Juarez, Will Loya, David Silva, Daniel Valdez ; choreographer for 'Delgadina': Michael Smuin ; make-up artists: Gerd Mairandres, Mindy Hall, Richard Battle ; hair stylists: Terry Baliel, Michael Ross ; wardrobe assistants: Yvonne Cervantes, José Espiñosa ; audio post-production: Russian Hill Recording ; post-production special effects: San Francisco Production Group.
=540  \\$aThere are copyright restrictions on this collection. For more information, go to the online version of this video.
=650  \0$aCorridos.
=650  \0$aFolk songs, Spanish.
=653  \\$aChicano theater
=653  \\$aDramatic music specials
=655  \7$aMusical performances.$2aat
=655  \7$aPerformances (entertainment events).$2aat
=655  \7$aPerformance art.$2aat
=655  \7$aTheater (discipline).$2aat
=700  1\$aBlackschleger, Janis.$4pro
=700  1\$aValdez, Luis.$4drt$4aut$4prf
=700  1\$aRonstadt, Linda.$4prf
=700  1\$aBrown, Clancy.$4prf
=710  2\$aKQED-TV (Television station : San Francisco, Calif.)
=710  2\$aTeatro Campesino (Organization)
=710  2\$aHemispheric Institute Digital Video Library.
=830  \3$aEl Teatro Campesino collection.
=856  40$uhttp://hdl.handle.net/2333.1/nzs7h4d7

