=LDR  04584cgm a2200685 a 4500
=001  000539699
=003  NNU
=004  NYUb13530813
=005  20090409123018.0
=006  m\\\\\\\\z\\\\\\\\
=007  vd\cvaizu
=007  vf\ciahou
=007  cr\cna
=007  cr\|||||||||||
=008  070830s1987\\\\cau075\\\\\\\\\\\\vleng\d
=024  7\$aHI2007_078_01$2nyu-hidvl
=024  7\$aHI2007_079_01$2nyu-hidvl
=024  7\$aHI2007.078_01$2nyu-hidvl
=035  \\$a(NYU)NYUb13530813
=040  \\$aNNU$cNNU$eamim
=041  0\$aeng$aspa
=245  00$aEl fin del mundo$h[videorecording]
=260  \\$c1987.
=300  \\$a2 videocassettes of 2 (Digital Betacam) (75 min.) :$bsd., col. ;$c1/2 in.$3master.
=300  \\$a2 videodiscs of 2 (DVD) (75 min. : pt.1, 55 min. ; pt.2, 20 min.) :$bsd., col. ;$c4 3/4 in.$3viewing copy.
=490  1\$aEl Teatro Campesino collection
=530  \\$aAlso available online as streaming video.
=546  \\$aIn English, with some Spanish.
=500  \\$aTitle supplied by Hemispheric Institute.
=500  \\$aPart of the Hemispheric Institute Digital Video Library.
=534  \\$pMedia source original:$e2 videocassettes of 2 (Mini DV) : sd., col. ; 1/4 in. SP.$mPanasonic DVM60.
=518  \\$aPerformed in San Juan Bautista, California, in 1987.
=508  \\$aEl Teatro Campesino, producer ; Phillip Esparza, producer ; Robert Castro, director ; Luis Valdez, writer.
=511  1\$aAnahuac Valdez, Kati Valdez, Anessa Gaban, Ralph Chavez, Kinan Valdez, Randy Hernandez, Randy Von Fosson, Primavera Valdez, Seth Jeremiah Millwood, Tony Boch, Juan Candelaria, Soqui Candelaria.
=520  \\$aFounded in 1965 by Luis Valdez, El Teatro Campesino was initially the cultural wing of the United Farm Workers union in California's central valley. With a pointed political mission, ETC performed their actos in the fields, agitprop improvisations communicated eloquently with the workers, who could neither read nor write, but recognized themselves and their values in the actos. By 1970 ETC had gained an international reputation, with major contributions to Chicano culture in the U.S. and to the development and expansion of the boundaries of theater everywhere. Theirs is a popular theater rooted in the American streets, early California history, Mayan/Aztec mythology and Mexican folklore and spiritualism, all geared toward expression of social, political and cultural perceptions. Valdez believes in a total theaterone where an elevation of sensation is achieved through a trinity of music, dance and drama to stimulate a New American Audience, a celebration of cultural diversity. This video documents ETCs Young Actors Ensemble workshop-created piece El Fin del Mundo. Created specifically for the Día de los Muertos (Day of the Dead), Fin del Mundo tells the story of character Mundo Mata (from the eponymous ETC play), who overdoses on drugs and goes to the land of the dead where he encounters his former acquaintances. They are all stuck in the afterworld repeating the vices and sins of their lives. Mundo's friends try to convince him to take over the world of the dead. This workshop was attended by children and teenagers ranging from ages 9 to 17. In some ways, then, in the context of its young performers, the production can be seen as an anti-drug piece. The training and style related to this piece left an indelible mark on later works by workshop participants, including Kinan Valdez, who has since then directed a number of ETC productions.
=540  \\$aThere are copyright restrictions on this collection. For more information, go to the online version of this video.
=650  \0$aAll Souls' Day$vDrama.
=650  \0$aDrug abuse.
=650  \0$aDrug abuse$xSocial aspects.
=653  \\$aLand of the dead
=653  \\$aChicano theater
=653  \\$aYouth theater
=655  \7$aPerformances (entertainment events).$2aat
=655  \7$aPerformance art.$2aat
=655  \7$aTheater (discipline).$2aat
=700  1\$aEsparza, Phillip.$4pro
=700  1\$aCastro, Robert.$4drt
=700  1\$aValdez, Luia.$4aut
=710  2\$aTeatro Campesino (Organization)
=710  2\$aHemispheric Institute Digital Video Library.
=830  \3$aEl Teatro Campesino collection.
=856  40$uhttp://hdl.handle.net/2333.1/djh9w13q
=853  00$81$apt.
=863  50$81.1$a1$p31142045977231
=863  50$81.2$a2$p31142045977249
=954  \\$81$aVolumes

