=LDR  04921cgm a22006375a 4500
=001  000516452
=003  NNU
=004  NYUb13505463
=005  20080129112529.0
=006  m\\\\\\\\z\\\\\\\\
=007  vd\cvaizu
=007  vf\ciahou
=007  cr\cna
=007  cr\|||||||||||
=008  070613s1987\\\\pe\006\\\\\\\\\\\\vlspa\d
=024  7\$aHI2006_029_01$2nyu-hidvl
=024  7\$aHI2006.029_01$2nyu-hidvl
=035  \\$a(NYU)NYUb13505463
=040  \\$aNNU$cNNU$eamim
=043  \\$as-pe---
=245  00$aSon de los diablos$h[videorecording].
=246  31$aDevils' dance
=260  \\$c1987.
=300  \\$3master.$a1 videocassette of 1 (Digital Betacam) (6 min.) :$bsd., col. ;$c1/2 in.
=300  \\$3viewing copy.$a1 videodisc of 1 (DVD) (6 min.) :$bsd., col. ;$c4 3/4 in.
=490  1\$aYuyachkani collection
=530  \\$aAlso available online as streaming video.
=546  \\$aIn Spanish.
=500  \\$aTitle supplied by Hemispheric Institute.
=500  \\$aPart of the Hemispheric Institute Digital Video Library.
=534  \\$pMedia source original:$e1 videocassette of 1 (S-VHS) : sd., col. ; 1/2 in.
=518  \\$aPerformed in Lima, Peru, in 1987.
=508  \\$aGrupo Cultural Yuyachkani, director, producer, masks ; Movimiento Negro Francisco Congo, choreographers/dance instructors ; masks and costumes based on watercolor paintings by Pancho Fierro.
=511  1\$aGrupo Cultural Yuyachkani.
=520  \\$aThis piece is based on the traditional Afro-Peruvian street masquerade dance 'Son de los Diablos,' originated in the Corpus Christi celebrations in Lima during the Colonial Period. As the ruling elite in colonial Peru framed it, blacks represented evil forces in a religious drama. However, by the time of slavery's abolition in 1854, Afro-Peruvians had appropriated this dance as a symbol of cultural resistance and practiced it especially during carnival in the barrios where these were relocated. The Son was banned from the streets 1940s when President Manuel Prado prohibited carnival celebrations in Lima. In the 1980's the Movimiento Negro Francisco Congo, a collective dedicated to the recovery and revalorization of Afro-Peruvian traditions, approached Grupo Cultural Yuyachkani to recuperate the tradition of this street dance and to perform it on the streets once again. The group of Francisco Congo would teach the dance, and Yuyachkani would contribute their maskwork. Yuyachkani considered this dance a master dance for young actors because it includes codification of the body, maskwork, dancing, and an active and playful relationship with the audience. Peru's most important theatre collective, Grupo Cultural Yuyachkani (www.yuyachkani.org) has been working since 1971 at the forefront of theatrical experimentation, political performance, and collective creation. 'Yuyachkani' is a Quechua word that means 'I am thinking, I am remembering'; under this name, the theatre group has devoted itself to the collective exploration of embodied social memory, particularly in relation to questions of ethnicity, violence, and memory in Peru. The group is comprised of seven actors (Augusto Casafranca, Amiel Cayo, Ana Correa, Débora Correa, Rebeca Ralli, Teresa Ralli, and Julián Vargas), a technical designer (Fidel Melquíades), and an artistic director (Miguel Rubio), who have made a commitment to collective creation as a mode of theatrical production and to group theater as a life style. Their work has been among the most important in Latin America's so called 'New Popular Theater,' with a strong commitment to grass-roots community issues, mobilization, and advocacy. Yuyachkani won Peru's National Human Rights Award in 2000. Known for its creative embrace of both indigenous performance forms as well as cosmopolitan theatrical forms, Yuyachkani offers insight into Peruvian and Latin American theatre, and to broader issues of postcolonial social aesthetics.
=540  \\$aThere are copyright restrictions on this collection. For more information, go to the online version of this video.
=650  \0$aStreet theater$zPeru.
=650  \0$aMasks$zPeru.
=650  \0$aDance$zPeru.
=650  \0$aMasquerades$zPeru.
=653  \\$aAfro-Peruvian
=655  \7$aPerformance.$2nyu-hidvl
=655  \7$aStreet performance.$2nyu-hidvl
=655  \7$aMasked performance.$2nyu-hidvl
=655  \7$aDance.$2nyu-hidvl
=655  \7$aAfro-Peruvian performance.$2nyu-hidvl
=700  1\$aFierro, Pancho,$d1807-1879.$4ccp
=710  2\$aGrupo Cultural Yuyachkani.$4drt$4pro$4prf
=710  2\$aMovimiento Negro Francisco Congo.$4chr
=710  2\$aHemispheric Institute Digital Video Library.
=830  \0$aYuyachkani collection.
=856  40$uhttp://hdl.handle.net/2333.1/zkh189dz

