=LDR  05575cgm a2200637 a 4500
=001  000028936
=003  NNU
=004  000028936
=005  20100208143046.0
=006  m\\\\\\\\z\\\\\\\\
=007  vd\cvaizu
=007  vf\ciahou
=007  cr\cna|||||||a
=007  cr\|||||||||||
=007  vd\cvaizu
=008  080418s1987\\\\sp\023\\\\\\\\\\\\vlspa\d
=024  7\$aHI2007_213_01$2nyu-hidvl
=024  7\$aHI2007.213_01$2nyu-hidvl
=035  \\$a(NYU)NYUb13605855
=040  \\$aNNU$cNNU$eamim
=041  0\$aspa
=043  \\$as-ec---
=079  \\$a(OCoLC)851630434
=245  03$aLa fanesca$h[videorecording] :$bEntrevista a Charo Francés.
=246  31$aFanesca :$bInterview with Charo Francés (Malayerba)
=246  30$aEntrevista a Charo Francés
=246  30$aInterview with Charo Francés (Malayerba)
=246  30$aCharo Francés (Malayerba)
=260  \\$c1987.
=300  \\$3viewing copy.$a1 videodisc of 1 (DVD) (23 min.) :$bsd., col. ;$c4 3/4 in.
=300  \\$3master.$a1 videocassette of 1 (Digital Betacam) (23 min.) :$bsd., col. ;$c1/2 in.
=490  1\$aMalayerba collection
=530  \\$aAlso available online as streaming video.
=546  \\$aIn Spanish.
=500  \\$aTitle supplied by Hemispheric Institute.
=500  \\$aPart of the Hemispheric Institute Digital Video Library.
=534  \\$pMedia source original:$e1 videocassette of 1 (Mini DV) : sd., col. ; 1/4 in. SP.$mPanasonic DVM60.
=518  \\$aInterview held at the Festival Iberoamericano de Teatro (FIT) de Cádiz, in Spain, in 1987.
=508  \\$aGrupo de Teatro Malayerba, producer.
=511  0\$aMaría del Rosario 'Charo' Francés, interviewee.
=520  \\$aInterview with Spaniard actress and Malayerba founding member María del Rosario 'Charo' Francés, in the context of their play 'La Fanesca' performed at the Festival Iberoamericano de Teatro (FIT) de Cádiz, held in Spain in 1987. In this interview, Charo talks about the origins and creative process of 'La Fanesca,' as well as the history of the Malayerba theater group. The actress also comments on the reception of the play by Latin American audiences and on the experience of performing this play in Europe in the context of the Festival. Francés discusses issues of collective creation and political and artistic investigation at the Malayerba, as well as the role migration and exile have played in the life of the group, both as a concrete life experience for the actors and as a topic for their interventions in Ecuadorian theater and society. The actress illustrates these topics through her impressions of being a Spaniard exiled in Quito, doing Ecuadorian theater that is, in turn, performed in Spain. This interview is invaluable documentation of the early stages of this renowned theater group, one of the most important theater ensembles and actor laboratories in Latin America. The Grupo de Teatro Malayerba (teatromalayerba.org) was founded in Quito in 1979 by Arístides Vargas, Susana Pautasso and María del Rosario 'Charo' Francés, immigrant actors originally from Argentina and Spain. From the start, Malayerba included actors with various backgrounds and nationalities, invested in the exploration of the rich cultural diversity and complex history of Ecuador, as well as issues of migration, exile, political violence and individual and collective memory. With over 25 years of ongoing theater practice and more than 20 plays performed locally and internationally for a diverse audience, Malayerba is committed to theater pedagogy and experimentation, artistic collaboration, and community building. They have represented Ecuador in national and international theater festivals; they have also collaborated with theater groups within Ecuador and in other countries, and performed for both film and television, while engaging in community work in Quito. In 1989 the group created the Laboratorio Malayerba, committed to the training of generations of young Ecuadorian actors and to an ongoing investigation of theories and practices of experimental theater. In 2001 Malayerba launched the theater journal 'Hoja de Teatro,' conceived as a forum for the theorization, criticism and dissemination of Ecuadorian theater practices. The group also runs a theater house, the Casa Malayerba, which houses the Laboratory as well as a theater with seating capacity for seventy people. Malayerba approaches theater making as an artistic, ethical and technical realm where to engage in meaningful creative experiences through which to understand, assume and confront current sociopolitical processes. In working together, actors with various backgrounds and nationalities have shown that a multicultural blend is not only possible but also enriching, as differences lead to new identities, embodiments of dreams, memories, absences and pains that are at once local and universal.
=540  \\$aThere are copyright restrictions on this collection. For more information, go to the online version of this video.
=600  10$aFrancés, Charo$vInterviews.
=610  20$aGrupo de Teatro Malayerba.
=650  \0$aTheater$zEcuador.
=650  \0$aExperimental theater$zEcuador.
=653  \\$aFanesca
=655  \7$aInterview.$2nyu-hidvl
=700  1\$aFrancés, Charo.$4ive
=710  2\$aGrupo de Teatro Malayerba.$4pro
=710  2\$aHemispheric Institute Digital Video Library.
=830  \0$aMalayerba collection
=856  40$uhttp://hdl.handle.net/2333.1/fj6q57c1

