=LDR  05008cgm a22006735a 4500
=001  000513996
=003  NNU
=004  NYUb13502692
=005  20080321120303.0
=006  m\\\\\\\\z\\\\\\\\
=007  vd\cvaizu
=007  vf\ciahou
=007  cr\cna
=007  cr\|||||||||||
=008  070606s1987\\\\pr\020\\\\\\\\\\\\vlspa\d
=024  7\$aHI2007_026_01$2nyu-hidvl
=024  7\$aHI2007.026_01$2nyu-hidvl
=040  \\$aNNU$cNNU$eamim
=041  0\$aspa
=043  \\$anwpr---
=245  00$aOtra maldad de Pateco$h[videorecording].
=260  \\$c1987.
=300  \\$3master.$a1 videocassette of 1 (Digital Betacam) (20 min.) :$bsd., col. ;$c1/2 in.
=300  \\$3viewing copy.$a1 videodisc of 1 (DVD) (20 min.) :$bsd., col. ;$c4 3/4 in.
=490  1\$aRosa Luisa Márquez and theater collaborators
=530  \\$aAlso available online as streaming video.
=546  \\$aIn Spanish.
=500  \\$aTitle supplied by Hemispheric Institute.
=500  \\$aPart of the Hemispheric Institute Digital Video Library.
=534  \\$pMedia source original:$e1 videocassette of 1 (VHS) : sd., col. ; 1/2 in. SP.$mTDK T-120HDX.
=518  \\$aPerformed in Cayey, Puerto Rico, in 1987.
=508  \\$aCentro Comunicación Audiovisual Colegio Universitario de Cayey, producer ; Rosa Luisa Márquez, producer, director ; Víctor M. Robles, José Estrada, producers ; based on the eponymous text by Ana Lydia Vega ; Emilio Rodríguez Vázquez, video director ; Antonio Martorell, graphic design ; Pedro Adorno, Miguel Zayas, music ; Meraldo Rosado, Miguel Zayas, Pedro Adorno, assistants.
=511  1\$aRosa Luisa Márquez, Javier Rodríguez, Yolanda Rivera, Javier Cardona, Ovie Torres, Elisa Sánchez, Pedro Adorno, Laura López.
=520  \\$aRosa Luisa Márquez (www.marquezmartorell.org) is a Puerto Rican theater artist and pedagogue; she specializes in contemporary theater. Rosa Luisa started her teaching career at the theater department of the University of Puerto Rico in 1978. She developed the current curriculum of Drama Activities, which she teaches in her workshops at schools, prisons, rehab centers, women's shelters and community centers. Her directing projects include 'Romeo(s) y Julieta(s),' 'Historias para ser Contadas,' 'La Leyenda del Cemí,' 'Procesión,' 'Waiting for Godot,' 'Jardín de Pulpos,' 'Absurdos en Soledad,' 'El León y la Joya,' among others. Published books include 'Brincos y saltos: el juego como disciplina teatral' and 'Historias para ser contadas, montaje de Rosa Luisa Márquez.' She is a member of the board of directors and pedagogical team for the EITALC's International School of Latin American and Caribbean Theater. Ongoing artistic collaborators include Gilda Navarra and Antonio Martorell (Puerto Rico), Grupo Malayerba (Ecuador), Grupo Yuyachkani (Peru), and directors Peter Shumann (Bread & Puppet Theater, U.S.A.) and Augusto Boal (Theater of the Oppressed, Brazil). In conjunction with visual artist Antonio Martorell, she created the concept of 'Teatreros Ambulantes' (Itinerant Performers, 1987-1990), resulting in twelve productions. 'Otra Maldad de Pateco,' here showcased, is one of these projects. Based on a text by renowned Puerto Rican writer Ana Lydia Vega, this recording for television portrays the story of a child of a slave owner family; born with a white body and black head, Pateco needs to decide where his allegiance lies. As explained by Márquez in the video, Afro Caribbean characters and Puerto Rican traditional games and crafts are incorporated to the performance as a social and pedagogical intervention in the public sphere aiming to open up a discussion on race while rendering drama activities and traditional stories accessible to the Puerto Rican population.
=540  \\$aThere are copyright restrictions on this collection. For more information, go to the online version of this video.
=650  \0$aTheater$zPuerto Rico.
=650  \0$aPerforming arts$zPuerto Rico.
=650  \0$aExperimental theater$zPuerto Rico.
=650  \0$aRacism$zPuerto Rico.
=651  \0$aPuerto Rico$xRace relations.
=655  \7$aPerformance.$2nyu-hidvl
=655  \7$aTheater.$2nyu-hidvl
=655  \7$aPuerto Rican theater.$2nyu-hidvl
=655  \7$aExperimental theater.$2nyu-hidvl
=655  \7$aCollective creation.$2nyu-hidvl
=700  1\$aMárquez, Rosa Luisa.$4pro$4drt$4prf
=700  1\$aRobles, Víctor M.$4pro
=700  1\$aEstrada, José$4pro
=700  1\$aVega, Ana Lydia,$d1946-$4aut
=700  1\$aRodríguez Vázquez, Emilio.$4drt$4vdg
=710  2\$aCayey University College.$bCentro Comunicación Audiovisual.$4pro
=710  2\$aHemispheric Institute Digital Video Library.
=830  \0$aRosa Luisa Márquez and theater collaborators.
=856  40$uhttp://hdl.handle.net/2333.1/x0k6djtp

