=LDR  04886cgm a22007455a 4500
=001  000514206
=003  NNU
=004  NYUb13502918
=005  20140418145428.0
=006  m\\\\\\\\z\\\\\\\\
=007  vd\cvaizu
=007  vf\ciahou
=007  cr\cna|||||||a
=007  vd\cvaizu
=007  cr\|||||||||||
=008  070607s1987\\\\pr\047\\\\\\\\\\\\vlspa\d
=024  7\$aHI2007_028_A_01$2nyu-hidvl
=024  7\$aHI2007.028_01_A$2nyu-hidvl
=040  \\$aNNU$cNNU$eamim
=041  0\$aspa
=043  \\$anwpr---
=245  00$aLigia Elena está contenta$h[videorecording].
=260  \\$c1987.
=300  \\$3master.$a1 videocassette of 1 (Digital Betacam) (47 min.) :$bsd., col. ;$c1/2 in.
=300  \\$3viewing copy.$a1 videodisc of 1 (DVD) (47 min.) :$bsd., col. ;$c4 3/4 in.
=490  1\$aRosa Luisa Márquez and theater collaborators
=530  \\$aAlso available online as streaming video.
=546  \\$aIn Spanish.
=500  \\$aDisc also contains HI2007.028_02_A ("Gente o agente").
=500  \\$aTitle supplied by Hemispheric Institute.
=500  \\$aPart of the Hemispheric Institute Digital Video Library.
=534  \\$pMedia source original:$e1 videocassette of 1 (VHS) : sd., col. ; 1/2 in. SP.$mJVC T-120.
=518  \\$aPerformed in Cayey, Puerto Rico, in 1987.
=508  \\$aCentro Comunicación Audiovisual Colegio Universitario de Cayey, producer ; Víctor M. Robles, producer ; Rosa Luisa Márquez, producer, director ; Emilio Rodríguez Vázquez, video ; Roberto Martínez, sound ; José A. Estrada González, post production.
=511  1\$aRosa Luisa Márquez, Teatreros Ambulantes de Cayey.
=520  \\$aRosa Luisa Márquez is a Puerto Rican theatre artist and pedagogue specializing in contemporary theatre. Rosa Luisa started her teaching career at the theatre department of the University of Puerto Rico in 1978. She developed the current curriculum of Drama Activities, which she teaches in her workshops at schools, prisons, rehab centers, shelters and community centers. Her directing projects include Romeo(s) y Julieta(s), Historias para ser Contadas, Waiting for Godot, Jardín de Pulpos, Absurdos en Soledad, El León y la Joya, among others. Published books include Brincos y saltos: el juego como disciplina teatral and Historias para ser contadas, montaje de Rosa Luisa Márquez. She is a member of the board of directors and pedagogical team for the EITALCs International School of Latin American and Caribbean Theatre. Ongoing artistic collaborators include Gilda Navarra and Antonio Martorell (Puerto Rico), Grupo Malayerba (Ecuador), Grupo Yuyachkani (Peru), and directors Peter Shumann (Bread & Puppet Theater, U.S.A.) and Augusto Boal (Theater of the Oppressed, Brazil). In conjunction with visual artist Antonio Martorell, she created the concept of Teatreros Ambulantes (Itinerant Performers, 1987-1990), resulting in twelve productions. Ligia Elena está contenta is one of these projects. Inspired by Augusto Boals forum theater and Rubén Blades eponymous song, the piece is an unveiling and exploration of issues of racism and moral double-standards at play in Puerto Rican society regarding biracial couples. After proposing a situational plot and a set of characters, the performers invite the audience to join them onstage to act the part of the victimized or oppressed character in order to search for possible solutions to the conflict and to transform the situation from within.
=540  \\$aThere are copyright restrictions on this collection. For more information, go to the online version of this video.
=650  \0$aTheater$zPuerto Rico.
=650  \0$aExperimental theater$zPuerto Rico.
=650  \0$aRace discrimination$zPuerto Rico.
=650  \0$aInterracial dating$zPuerto Rico.
=650  \0$aInterracial marriage$zPuerto Rico.
=653  \\$aRacial issues
=653  \\$aBi-racial couples
=653  \\$aCollaborative creation
=653  \\$aForum theater
=655  \7$aPerformance.$2nyu-hidvl
=655  \7$aTheater.$2nyu-hidvl
=655  \7$aPuerto Rican theater.$2nyu-hidvl
=655  \7$aExperimental theater.$2nyu-hidvl
=655  \7$aCollective creation.$2nyu-hidvl
=655  \7$aForum theater.$2nyu-hidvl
=700  1\$aMárquez, Rosa Luisa.$4pro$4drt$4prf
=700  1\$aRobles, Víctor M.$4pro
=700  1\$aRodríguez Vázquez, Emilio.$4vdg
=710  2\$aCayey University College.$bCentro Comunicación Audiovisual.$4pro
=710  2\$aTeatreros Ambulantes (Cayey, Puerto Rico)$4prf
=710  2\$aHemispheric Institute Digital Video Library.
=830  \0$aRosa Luisa Márquez and theater collaborators.
=856  40$uhttp://hdl.handle.net/2333.1/4f4qrfsc

