=LDR  05105cgm a22007335a 4500
=001  000514238
=003  NNU
=004  NYUb13502951
=005  20140418145243.0
=006  m\\\\\\\\z\\\\\\\\
=007  vd\cvaizu
=007  vf\ciahou
=007  cr\cna|||||||a
=007  vd\cvaizu
=007  cr\|||||||||||
=008  070607e19870308pr\009\\\\\\\\\\\\vlspa\d
=024  7\$aHI2007_028_B_02$2nyu-hidvl
=024  7\$aHI2007.028_04_B$2nyu-hidvl
=040  \\$aNNU$cNNU$eamim
=041  0\$aspa
=043  \\$anwpr---
=245  03$aLa mujer ideal$h[videorecording].
=260  \\$c1987 Mar. 8.
=300  \\$3master.$a1 videocassette of 1 (Digital Betacam) (9 min.) :$bsd., col. ;$c1/2 in.
=300  \\$3viewing copy.$a1 videodisc of 1 (DVD) (9 min.) :$bsd., col. ;$c4 3/4 in.
=490  1\$aRosa Luisa Márquez and theater collaborators
=530  \\$aAlso available online as streaming video.
=546  \\$aIn Spanish.
=500  \\$aContained on disc HI2007.028_03_B ("Trapitos al aire").
=500  \\$aTitle supplied by Hemispheric Institute.
=500  \\$aPart of the Hemispheric Institute Digital Video Library.
=534  \\$pMedia source original:$e1 videocassette of 1 (VHS) : sd., col. ; 1/2 in. SP.$mJVC T-120.
=518  \\$aPerformed at the University of Puerto Rico, Cayey Campus, on Mar. 8, 1987. [Date incorrectly labeled on recording as: March 8, 1989].
=508  \\$aCentro Comunicación Audiovisual Colegio Universitario de Cayey, producer ; Víctor M. Robles, producer ; Rosa Luisa Márquez, producer, director ; Antonio Martorell, artistic director ; Emilio Rodríguez Vázquez, video ; José A. Estrada González, post production ; Javier Merced, sound.
=511  1\$aRosa Luisa Márquez, Antonio Martorell, Teatreros Ambulantes de Cayey.
=520  \\$aRosa Luisa Márquez (www.marquezmartorell.org) is a Puerto Rican theater artist and pedagogue; she specializes in contemporary theater. Rosa Luisa started her teaching career at the theater department of the University of Puerto Rico in 1978. She developed the current curriculum of Drama Activities, which she teaches in her workshops at schools, prisons, rehab centers, women's shelters and community centers. Her directing projects include 'Romeo(s) y Julieta(s),' 'Historias para ser Contadas,' 'La Leyenda del Cemí,' 'Procesión,' 'Waiting for Godot,' 'Jardín de Pulpos,' 'Absurdos en Soledad,' 'El León y la Joya,' among others. Published books include 'Brincos y saltos: el juego como disciplina teatral' and 'Historias para ser contadas, montaje de Rosa Luisa Márquez.' She is a member of the board of directors and pedagogical team for the EITALC's International School of Latin American and Caribbean Theater. Ongoing artistic collaborators include Gilda Navarra and Antonio Martorell (Puerto Rico), Grupo Malayerba (Ecuador), Grupo Yuyachkani (Peru), and directors Peter Shumann (Bread & Puppet Theater, U.S.A.) and Augusto Boal (Theater of the Oppressed, Brazil). In conjunction with visual artist Antonio Martorell, she created the concept of 'Teatreros Ambulantes' (Itinerant Performers, 1987-1990), resulting in twelve productions. 'La mujer ideal' is one of these projects. Performed at the University of Puerto Rico, Cayey Campus' cafeteria on the International Women's Day (March 8th, 1987), the piece is a collective creation on the media depictions of women as objects of desire and consumption. By parodically exposing advertisement's slogans and social preconceptions of beauty, womanhood and desire, the performance is an open call to critical thinking and discussion on the social codes concerning gender, objectification and consumption at play in Puerto Rican society.
=540  \\$aThere are copyright restrictions on this collection. For more information, go to the online version of this video.
=650  \0$aTheater$zPuerto Rico.
=650  \0$aExperimental theater$zPuerto Rico.
=650  \0$aWomen$xSocial conditions$zPuerto Rico.
=650  \0$aWomen in popular culture$zPuerto Rico.
=650  \0$aSocial role$zPuerto Rico.
=650  \0$aSex role$zPuerto Rico.
=650  \0$aWomen in mass media.
=653  \\$aWomen, sexuality, and culture
=655  \7$aPerformance.$2nyu-hidvl
=655  \7$aTheater.$2nyu-hidvl
=655  \7$aPuerto Rican theater.$2nyu-hidvl
=655  \7$aExperimental theater.$2nyu-hidvl
=655  \7$aCollective creation.$2nyu-hidvl
=700  1\$aMárquez, Rosa Luisa.$4pro$4drt$4prf
=700  1\$aMartorell, Antonio,$d1939-$4drt$4prf
=700  1\$aRobles, Víctor M.$4pro
=700  1\$aRodríguez Vázquez, Emilio.$4vdg
=710  2\$aCayey University College.$bCentro Comunicación Audiovisual.$4pro
=710  2\$aTeatreros Ambulantes (Cayey, Puerto Rico)$4prf
=710  2\$aHemispheric Institute Digital Video Library.
=830  \0$aRosa Luisa Márquez and theater collaborators.
=856  40$uhttp://hdl.handle.net/2333.1/r7sqvb3m

