=LDR  05210cgm a2200709 a 4500
=001  000549628
=003  NNU
=004  NYUb13541473
=005  20080408101641.0
=006  m\\\\\\\\z\\\\\\\\
=007  vd\cvaizu
=007  vf\ciahou
=007  cr\cna
=007  cr\|||||||||||
=008  071003s1987\\\\cu\014\\\\\\\\\\\\vlspa\d
=024  7\$aHI2007_182_01$2nyu-hidvl
=024  7\$aHI2007.182_01$2nyu-hidvl
=035  \\$a(NYU)NYUb13541473
=040  \\$aNNU$cNNU$eamim
=041  0\$aspa
=043  \\$anwcu---
=245  00$aPara el ojo que mira$h[videorecording].
=260  \\$c1987.
=300  \\$3master.$a1 videocassette of 1 (Digital Betacam) (14 min.) :$bsd., col. ;$c1/2 in.
=300  \\$3viewing copy.$a1 videodisc of 1 (DVD) (14 min.) :$bsd., col. ;$c4 3/4 in.
=490  1\$aManuel Mendive collection
=530  \\$aAlso available online as streaming video.
=546  \\$aIn Spanish.
=500  \\$aDisc also contains HI2007.182_02 ("Amarillo, azul y blanco") and HI2007.182_03 ("Se parece a la felicidad").
=500  \\$aTitle supplied by Hemispheric Institute.
=500  \\$aPart of the Hemispheric Institute Digital Video Library.
=534  \\$pMedia source original:$e1 videocassette of 1 (VHS) : sd., col. ; 1/2 in. SP.$mLG T-120S.
=518  \\$aPerformed at Museo Nacional de Bellas Artes, La Habana, Cuba, in 1987.
=508  \\$aManuel Mendive, producer, creator ; Fondo Cubano de Bienes Culturales, producer ; Juan Delgado, producer ; Lourdes Prieto, video director ; Video ICAIC, video ; Juan Marcos Blanco, Antonio Vivaldi, Yoruban songs, music ; Rubén de la Torre, Roberto Otero, videographers ; Gabriel Daniel, editor ; Raúl Rodríguez, José M. Riera, Raúl León, photography ; Juan Carlos Téllez, collaborator ; Reynaldo Sánchez, Marilys Olivera, Ricardo de Armas, postproduction ; Mercy González, credits.
=511  1\$aManuel Mendive, Danza Nacional de Cuba, Conjunto Folklórico Nacional de Cuba ; Lázaro Ross, Yoruban singer.
=520  \\$aVideo documentation of Manuel Mendive's 'Para el ojo que mira,' an interdisciplinary performance held at the opening of Mendive's eponymous art exhibit at the Museo Nacional de Bellas Artes in Havana in August of 1987. An ambitious, syncretic, critically acclaimed show that included mixed media paintings, sculptures, masks, and performance, 'Para el ojo que mira' opened with an exuberant public body art performance created by Mendive, with the participation of musicians and dancers from the Conjunto Folklórico Nacional and the Danza Nacional de Cuba, along with the guest appearance of Lázaro Ross, one of the most important contemporary interpreters of Yoruba music in this Caribbean island. This video documentation was directed by Lourdes Prieto. Manuel Mendive Hoyo (www.mendive.cult.cu) is perhaps the single most important Cuban artist today. Mendive, a major exponent of contemporary 'Afro-cubanismo' in the visual arts, was born in 1944 into a Santería-practicing family. He graduated from the prestigious Academia de Artes Plásticas San Alejandro in Havana in 1962 with honors in sculpture and painting. He held his first one-man show at the Center of Art in Havana in 1964. Since then he has exhibited in some of the most important international venues. The Cuban booth at the XLII International Biennial Exhibition of Modern Art in Venice in 1988 was completely dedicated to his works. His work can be found in Museums and galleries in many countries including the Museo Nacional de Bellas Artes in Havana, the Musee d'Art Moderne in Paris; as well as museums in Russia, Somalia, Congo, Norway, Denmark, Finland and the U.S and other countries. He is well-known not only for his painting and soft sculpture, but for his performance pieces in which he paints dancers' naked bodies and creates theatrical backdrops and environments. Representing an important strain of Cuban life, Mendive's multi-media work reflects his syncretic take on religion, philosophy, ethnography, art and dance.
=540  \\$aThere are copyright restrictions on this collection. For more information, go to the online version of this video.
=650  \0$aArt$zCuba.
=650  \0$aPerformance art$zCuba.
=650  \0$aBody painting.
=653  \\$aAfro-Cuban
=653  \\$aVisual arts
=655  \7$aPerformance.$2nyu-hidvl
=655  \7$aAfro-Cuban performance.$2nyu-hidvl
=655  \7$aBody painting.$2nyu-hidvl
=655  \7$aPerformance art.$2nyu-hidvl
=700  1\$aMendive, Manuel,$d1944-$4cre$4pro$4prf
=700  1\$aDelgado, Juan.$4pro
=700  1\$aPrieto, Lourdes.$4vdg$4drt
=700  1\$aMarcos Blanco, Juan.$4mus
=700  1\$aVivaldi, Antonio,$d1678-1741.$4mus
=710  2\$aFondo Cubano de Bienes Culturales.$4pro
=710  2\$aVídeo ICAIC.$4vdg
=710  2\$aDanza Nacional de Cuba.$4prf
=710  2\$aConjunto Folklórico Nacional (Cuba)$4prf
=710  2\$aHemispheric Institute Digital Video Library.
=830  \0$aManuel Mendive collection.
=856  40$uhttp://hdl.handle.net/2333.1/c866t1r1

