=LDR  05707cga a2200709 a 4500
=001  000028899
=003  NNU
=004  NYUb13605840
=005  20080418161650.0
=006  m\\\\\\\\z\\\\\\\\
=007  vd\cvaizu
=007  vf\ciahou
=007  cr\cna
=007  cr\|||||||||||
=008  080418s1987\\\\sp\082\\\\\\\\\\\\vlspa\d
=024  7\$aHI2007_211_01$2nyu-hidvl
=024  7\$aHI2007_212_01$2nyu-hidvl
=024  7\$aHI2007.211_01$2nyu-hidvl
=035  \\$a(NYU)NYUb13605840
=040  \\$aNNU$cNNU$eamim
=041  0\$aspa
=043  \\$as-ec---
=245  03$aLa fanesca$h[videorecording].
=260  \\$c1987.
=300  \\$3master.$a2 videocassettes of 2 (Digital Betacam) (82 min.) :$bsd., col. ;$c1/2 in.
=300  \\$3viewing copy.$a2 videodiscs of 2 (DVD) (82 min. : pt.1, 58 min. ; pt.2, 24 min.) :$bsd., col. ;$c4 3/4 in.
=490  1\$aMalayerba collection
=530  \\$aAlso available online as streaming video.
=546  \\$aIn Spanish.
=500  \\$aTitle supplied by Hemispheric Institute.
=500  \\$aPart of the Hemispheric Institute Digital Video Library.
=534  \\$pMedia source original:$e2 videocassettes of 2 (Mini DV) : sd., col. ; 1/4 in. SP.$mPanasonic DVM60.
=518  \\$aPerformed at the Festival Iberoamericano de Teatro (FIT) de Cádiz, held in Spain, in 1987.
=508  \\$aGrupo de Teatro Malayerba, producer, collective creation ; Susana Pautasso, director ; María Escudero, writer.
=511  1\$aGrupo de Teatro Malayerba.
=520  \\$a'La Fanesca' is one of the very first plays created by Ecuadorian theater group Malayerba. Collectively created in 1984 under the direction of founding member Susana Pautasso, the play is based on texts by María Escudero. A 'fanesca' is a traditional Ecuadorian dish, a rich soup made of a variety of ingredients, typically prepared and served only in the week before Easter; this play is inspired on this traditional dish, bringing together carnivalesque characters from the diversity of cultures and ethnicities present in Ecuadorian society. The performance portrays, by means of the masked voices of society's underdogs, the fractured, unofficial history of Ecuador and its rich cultural heritage as a 'mezcla de todo' (a 'mixture of everything'): the diverse worldviews, cultures, and backgrounds, not only of native Ecuadorians but also of the migrants and exiles assimilated - or not - to Ecuadorian society. This video documents the performance of 'La Fanesca' as presented in the Festival Iberoamericano de Teatro (FIT) de Cádiz, held in Spain in 1987. The Grupo de Teatro Malayerba (teatromalayerba.org) was founded in Quito in 1979 by Arístides Vargas, Susana Pautasso and María del Rosario 'Charo' Francés, immigrant actors originally from Argentina and Spain. From the start, Malayerba included actors with various backgrounds and nationalities, invested in the exploration of the rich cultural diversity and complex history of Ecuador, as well as issues of migration, exile, political violence and individual and collective memory. With over 25 years of ongoing theater practice and more than 20 plays performed locally and internationally for a diverse audience, Malayerba is committed to theater pedagogy and experimentation, artistic collaboration, and community building. They have represented Ecuador in national and international theater festivals; they have also collaborated with theater groups within Ecuador and in other countries, and performed for both film and television, while engaging in community work in Quito. In 1989 the group created the Laboratorio Malayerba, committed to the training of generations of young Ecuadorian actors and to an ongoing investigation of theories and practices of experimental theater. In 2001 Malayerba launched the theater journal 'Hoja de Teatro,' conceived as a forum for the theorization, criticism and dissemination of Ecuadorian theater practices. The group also runs a theater house, the Casa Malayerba, which houses the Laboratory as well as a theater with seating capacity for seventy people. Malayerba approaches theater making as an artistic, ethical and technical realm where to engage in meaningful creative experiences through which to understand, assume and confront current sociopolitical processes. In working together, actors with various backgrounds and nationalities have shown that a multicultural blend is not only possible but also enriching, as differences lead to new identities, embodiments of dreams, memories, absences and pains that are at once local and universal.
=540  \\$aThere are copyright restrictions on this collection. For more information, go to the online version of this video.
=651  \0$aEcuador$xSocial life and customs.
=650  \0$aEcuadorians$xFood.
=650  \0$aTheater$zEcuador.
=650  \0$aExperimental theater$zEcuador.
=653  \\$aCultural diversity
=653  \\$aFanesca
=655  \7$aPerformance.$2nyu-hidvl
=655  \7$aTheater.$2nyu-hidvl
=655  \7$aExperimental theater.$2nyu-hidvl
=655  \7$aEcuadorian theater.$2nyu-hidvl
=655  \7$aLatin American theater.$2nyu-hidvl
=700  1\$aPautasso, Susana.$4drt
=700  1\$aEscudero Gómez-Pardo, María.$4aut
=710  2\$aGrupo de Teatro Malayerba.$4pro$4cre
=710  2\$aHemispheric Institute Digital Video Library.
=830  \0$aMalayerba collection
=856  40$uhttp://hdl.handle.net/2333.1/k98sf7xd
=853  00$81$apt.
=863  50$81.1$a1$p31142047202950
=863  50$81.2$a2$p31142047202968
=954  \\$81$aVolumes

