=LDR  05809cgm a22007215a 4500
=001  000505821
=003  NNU
=004  NYUb13493731
=005  20140421143226.0
=006  m\\\\\\\\z\\\\\\\\
=007  vd\cvaizu
=007  vf\ciahou
=007  cr\cna
=007  cr\|||||||||||
=007  \\vd
=008  070503e19871029mx\119\\\\\\\\\\\\vlmul\d
=024  7\$aHI2006_055_A_01$2nyu-hidvl
=024  7\$aHI2006_055_B_01$2nyu-hidvl
=024  7\$aHI2006.055_01_A$2nyu-hidvl
=040  \\$aNNU$cNNU$eamim
=041  0\$aspa$aita
=043  \\$an-mx---
=245  00$aDonna Giovanni$h[videorecording].
=260  \\$c1987 Oct. 29.
=300  \\$3master.$a2 videocassettes of 2 (Digital Betacam) (119 min.) :$bsd., col. ;$c1/2 in.
=300  \\$3viewing copy.$a2 videodiscs of 2 (DVD) (119 min.) :$bsd., col. ;$c4 3/4 in.
=490  1\$aEl Hábito collection
=530  \\$aAlso available online as streaming video.
=546  \\$aIn Spanish and Italian.
=500  \\$aTitle supplied by Hemispheric Institute.
=500  \\$aPart of the Hemispheric Institute Digital Video Library.
=534  \\$pMedia source original:$e1 videocassette of 1 (VHS) : sd., col. ; 1/2 in. SP.$mMaxell T-120.
=518  \\$aPerformed at the Palace of Fine Arts in Mexico City on Oct. 29, 1987.
=508  \\$aJesusa Rodríguez, producer, director, adaptation ; Liliana Felipe, producer ; Divas A.C., producer ; based on Mozart & Da Ponte's 'Don Giovanni' ; Alberto Cruzprieto, music director.
=511  1\$aJesusa Rodríguez, Francis Laboriel, Regina Orozco, Astrid Hadad, Victoria Gutiérrez, Daniel Jiménez Cacho, Alberto Cruzprieto (musician).
=520  \\$a'Donna Giovanni', Jesusa Rodríguez's adaptation for the theater of Mozart and Da Ponte's opera 'Don Giovanni', is a renowned feminist rendition of the classic by Mexican theater company Divas A.C. Directed by Rodríguez and with musical direction by Alberto Cruzprieto, the play successfully toured Latin America, the United States and Europe, receiving much critical acclaim. 'Donna Giovanni' masterfully utilizes humor, overlapping layers of cross-dressing, and the interplay between music, wordplay and tableaux vivants in order to pose a feminist commentary on sensuality, gender issues, and religious and cultural scenarios of love, deceit, empowerment and desire. Mexican director, actress, playwright, performance artist, scenographer, entrepreneur, and social activist Jesusa Rodríguez has been called the most important woman of Mexico. Often referred to as a 'chameleon,' Rodríguez moves seemingly effortlessly and with vigor across the spectrum of cultural forms, styles, and tones. 
=520  \\$aHer 'espectáculos' (as both spectacles and shows) challenge traditional classification, crossing with ease generic boundaries: from elite to popular to mass, from Greek tragedy to cabaret, from pre-Columbian indigenous to opera, from revue, sketch and 'carpa,' to performative acts within political projects. Humor, satire, linguistic play, and the body are constants in her productions. She seeks to render corporal and, thus, visible, the tensions between the discourses in operation on and through the individual and collective body. Rodriguez's energy is intense and her commitment non-negotiable, always interrogating the nature, site, and consequences of power and its representation. Liliana Felipe, one of Latin America's foremost singers and composers, was born in Argentina in the 1950s. She left for Mexico just before the outbreak of the 'Dirty War' (1976), but her sister and brother-in-law were both 'disappeared'--victims of the military dictatorship's criminal politics.   
=520  \\$aLiliana's music has a wide following in Latin America. She continues to be a powerful presence in Argentina, working with human rights organizations--especially H.I.J.O.S. (the organization of the children of the disappeared). In Mexico, Liliana went to one of Jesusa Rodríguez's performances. Jesusa, catching a glimpse of Felipe in the audience, remembers saying to herself: 'I am going to die with that woman.' Since then, Liliana and Jesusa have created two performance spaces, El Cuervo and later El Hábito in Coyoacán, Mexico City, that they still run. They 'married' in February 2000. El Hábito (www.elhabito.com.mx) is a hotbed for intellectuals, feminists, gay rights activists and open-minded, progressive people who want to be engaged by a smart and critical humor. In this off-off space, and with the collaboration of their theater cooperative Las Divas, Jesusa y Liliana have produced hundreds of shows since the 1980s.  
=540  \\$aThere are copyright restrictions on this collection. For more information, go to the online version of this video.
=600  10$aMozart, Wolfgang Amadeus,$d1756-1791.$tDon Giovanni.
=650  \0$aDon Juan (Legendary character)
=655  \7$aPerformance.$2nyu-hidvl
=655  \7$aTheater.$2nyu-hidvl
=655  \7$aOpera.$2nyu-hidvl
=655  \7$aFeminist performance.$2nyu-hidvl
=655  \7$aLesbian performance.$2nyu-hidvl
=700  1\$aRodríguez, Jesusa.$4pro$4drt$4adp$4prf
=700  1\$aFelipe, Liliana.$4pro
=700  1\$aCruzprieto, Alberto.$4mus$4cnd
=700  1\$aMozart, Wolfgang Amadeus,$d1756-1791.$tDon Giovanni.
=710  2\$aDivas A.C.$4pro
=710  2\$aHemispheric Institute Digital Video Library.
=830  \0$aJesusa Rodríguez & Liliana Felipe : El Hábito collection.
=856  40$uhttp://hdl.handle.net/2333.1/wm37pvzs
=853  20$81$apt.
=863  50$81.1$aA$p31142045835660
=863  50$81.2$aB$p31142045835652
=954  \\$81$aVolumes

