=LDR  05439cgm  2200649 a 4500
=001  000549813
=003  NNU
=004  NYUb13541676
=005  20080410161841.0
=006  m\\\\\\\\z\\\\\\\\
=007  vd\cvaizu
=007  vf\ciahou
=007  cr\cna
=007  cr\|||||||||||
=008  071004e198705uuxx\060\\\\\\\\\\\\vleng\d
=024  7\$aHI2007_192_01$2nyu-hidvl
=024  7\$aHI2007.192_01$2nyu-hidvl
=035  \\$a(NYU)NYUb13541676
=040  \\$aNNU$cNNU$eamim
=041  0\$aeng$aspa
=245  00$aMigrants! Cantata a los emigrantes$h[videorecording].
=260  \\$c1987 May.
=300  \\$a1 videocassette of 1 (Digital Betacam) (60 min.) :$bsd., col. ;$c1/2 in.$3master.
=300  \\$a1 videodisc of 1 (DVD) (60 min.) :$bsd., col. ;$c4 3/4 in.$3viewing copy.
=490  1\$aTeatro Pregones collection
=530  \\$aAlso available online as streaming video.
=546  \\$aIn English and Spanish.
=500  \\$aTitle supplied by Hemispheric Institute.
=500  \\$aPart of the Hemispheric Institute Digital Video Library.
=534  \\$pMedia source original:$e1 videocassette of 1 (VHS) : sd., col. ; 1/2 in. SP.$mMaxell T-120 M.
=518  \\$aPerformed in New York City, in May 1987.
=508  \\$aPregones Theater, producer, collective creation ; Rosalba Rolón, director ; Guillermo Boralt, Juan Antonio Corretjer, Centro de Estudios Puertorriqueños, Historical Archives of Mexico, Joserramón Meléndez, René Marqués, Hugo Margenat, Rosalba Rolón, Amanda Soto, Clemente Soto Vélez ; Rosalba Rolón, José M. Meléndez, Roberto Lugo, Julio Santana, Alvan Colón Lespier, Sandra Rodríguez, José J. García, music ; Jaime Acosta, set & lights ; Irma Morales, costumes.
=511  1\$aAlvan Colón Lespier, Dianilú Cora, José J. García, Jorge B. Merced, Cristina Rieke, Judith Rivera, César Rodríguez, Sandra Rodríguez, Rosalba Rolón, Julio Santana, Marcella White.
=520  \\$a'Migrants! Cantata a los emigrantes' is a bilingual play with music celebrating the Puerto Rican pioneers who established communities in the United States and struggled for the preservation of their culture. At the time the play was created there were 2.6 million Puerto Ricans in the United States, with 1.6 million in New York alone. Puerto Ricans have been pushed and pulled ever since the United States took the island in 1898. Some have stayed and given birth to a second and third generation; some have returned to the island and others are still in never ending transit between here and there. With this collective creation, Pregones weaves through various social, historical, economical and personal factors that have influenced their migratory process. 'Migrants' is Pregones' homage to the courage and endurance of those who came and worked before us. The play was created collectively by Pregones Theater, based on written and oral history, interviews and the works of writers such as Guillermo Boralt, René Marqués and Klemente Soto Beles. It was premiered at Pregones Theater at St. Ann's in The Bronx, NY, in December 1986. Founded in 1979 and based in The Bronx, New York City, Pregones Theater (http://www.pregones.org) has performed in more than 400 cities and 13 countries. The company enjoys citywide recognition for their lasting contributions to the performing arts field and are recipients of numerous distinctions including current Leading National Ensemble Theatre Designation from the Doris Duke Charitable Foundation and the Andrew W. Mellon Foundation, Primary Cultural Institution Designation from the New York State Council on the Arts, the New York State Governor's Arts Award, the Culture & Humanities Award from the Center for Puerto Rican Studies, numerous artist and production awards, as well as invitations to appear at international festivals and events. Over the years Pregones has developed a style that combines theater, music and movement, oral and written traditions, and a signature urban sensibility. The ensemble draws from popular Puerto Rican artistic expressions and literature to create and stage its work. Today, Pregones has grown to be one of the leading Puerto Rican/Latino theater theaters in the United States. From migrations to indigenous mythologies to subway stories, the company's repertoire covers a growing sample of Latino experiences and identities.
=540  \\$aThere are copyright restrictions on this collection. For more information, go to the online version of this video.
=650  \0$aTheater$zPuerto Rico.
=650  \0$aImmigrants.
=650  \0$aPuerto Ricans$zUnited States.
=650  \0$aHispanic Americans.
=651  \0$aUnited States$xEmigration and immigration.
=651  \0$aPuerto Rico$xEmigration and immigration.
=653  \\$aLatino
=655  \7$aPerformance.$2nyu-hidvl
=655  \7$aTheater.$2nyu-hidvl
=655  \7$aLatino theater.$2nyu-hidvl
=655  \7$aBoricua theater.$2nyu-hidvl
=655  \7$aPuerto Rican theater.$2nyu-hidvl
=655  \7$aBilingual theater.$2nyu-hidvl
=700  1\$aRolón, Rosalba.$4drt
=710  2\$aPregones Theatre (New York, N.Y.)$4pro$4cre
=710  2\$aHemispheric Institute Digital Video Library.
=830  \0$aTeatro Pregones collection.
=856  40$uhttp://hdl.handle.net/2333.1/b8gththt

