=LDR  04181ngm  2200457 a 4500
=001  003993756
=005  20140601123827.0
=006  m\\\\\\\\c\\\\\\\\
=007  cr\cna|||m|||a
=007  cr\|||||||||||
=008  140528s1987\\\\bl\058\\\\\\\\s\\\vlpor\d
=024  7\$aHI2013_025_01$2nyu-hidvl
=040  \\$aNNU$beng$cNNU
=041  0\$apor
=043  \\$as-bl---
=245  00$aOstal$h[videorecording] /$cscript by Aldo Rostagno ; Ói Nóis Aqui Traveiz, collective direction, set and costumes design.
=260  \\$c1987.
=300  \\$3viewing copy.$astreaming video (57 min., 33 sec.) :$bsd., col.
=490  1\$aTribo de Atuadores Ói Nóis Aqui Traveiz collection
=546  \\$aIn Portuguese.
=500  \\$aPart of the Hemispheric Institute Digital Video Library.
=500  \\$aTitle supplied by the Hemispheric Institute.
=508  \\$aAdriano Marinho and Paulo Flores, lighting and soundtrack.
=511  1\$aArlete Cunha, Maria Rosa, Renan Costa, Sérgio Etchichury, Adriano Marinho, Beatriz Britto, Clélio Cardoso, José Carlos Carvalho, Kike Barbosa and Sandra Possani, performers.
=518  \\$aRecorded in Porto Alegre, Brazil, in 1987.
=520  \\$aIn Ostal the audience of only twenty people is guided through a dark tunnel by a doctor, one by one, to the room of a patient, nearly completely occupied by an enormous bed. Once the last audience member enters, the doctor locks the door behind them. The performance takes place in this closed room, fragments from the life of a women tormented by mental illness. Her schizophrenia is portrayed not as a clinical disease, but as an inevitable consequence of the process of social adaptation we are all submitted to since childhood. In search for her identity, she seeks complicity from the audience, while all sorts of strange and violent things happen to her and to the room, without one word being said.
=520  \\$aBased in Porto Alegre, The Tribo de Atuadores Ói Nóis Aqui Traveiz was born in 1978 out of a desire for a radical renovation of the language of theatre. During the several years of their existence, they have created a personal aesthetics founded upon the authorial work of the actor, both on the stage and on the streets. Their venue, the Terreira da Tribo de Atuadores Ói Nóis Aqui Traveiz, works as a community theatre school, offering several free workshops open to the public. Their tribal organization is based on the principle of collective work, both in the creative process and in the maintenance of the space. For Ói Nóis Aqui Traveiz, theater is an instrument for both revealing and analyzing reality, and it's function is social: to contribute to the collective knowledge and to the improvement of the quality of life of the people. In a world marked by exclusion, marginalization, homogenization, by dehumanizing and barbaric efforts, they see it as their moral imperative to denounce injustice, sold opinions, authoritarianism, mediocrity and the erasing of memory. Ói Nóis sees theatre as an art of resistance, in the service of arts and politics, an art that does not fit the market patterns for ethics and aesthetics. Instead, they see theater as a way of life and as a vehicle for ideas: a theater that does not comment on life, but that takes part in it.
=534  \\$pMedia source original:$e1 videocassette (VHS) : sd., col. ; 1/2 in. SP.$mBASF-T120.
=540  \\$aThere are copyright restrictions on this collection. For more information, go to the online version of this video.
=650  \0$aSchizophrenia$vDrama.
=650  \0$aIdentity (Philosophical concept)$vDrama.
=650  \0$aTheater$zBrazil$zPorto Alegre (Rio Grande do Sul).
=650  \0$aTheater$xPolitical aspects$zBrazil.
=655  \7$aPerformance documentation.$2nyu-hidvl
=655  \7$aTheater.$2nyu-hidvl
=700  1\$aRostagno, Aldo,$escreenwriter.
=710  2\$aOi Nóis Aqui Traveiz (Theater group : Porto Alegre, Rio Grande do Sul, Brazil),$edirector.
=710  2\$aHemispheric Institute Digital Video Library.
=830  \0$aTribo de Atuadores Ói Nóis Aqui Traveiz collection.
=856  40$uhttp://hdl.handle.net/2333.1/70rxwg3b

