=LDR  04212cgm a2200733 a 4500
=001  000539496
=003  NNU
=004  NYUb13530602
=005  20140421145401.0
=006  m\\\\\\\\z\\\\\\\\
=007  vd\cvaizu
=007  vf\ciahou
=007  cr\cna
=007  cr\|||||||||||
=008  070508e198705uunyu113\\\\\\\\\\\\vleng\d
=024  7\$aHI2007_057_A_01$2nyu-hidvl
=024  7\$aHI2007_057_B_01$2nyu-hidvl
=024  7\$aHI2007.057_01_A$2nyu-hidvl
=035  \\$a(NYU)NYUb13530602
=040  \\$aNNU$cNNU$eamim
=245  00$aPatience and Sarah$h[videorecording]
=260  \\$c1987 May.
=300  \\$3master.$a2 videocassettes of 2 (Digital Betacam) (113 min.) :$bsd., col. ;$c1/2 in.
=300  \\$3viewing copy.$a2 videodiscs of 2 (DVD) (113 min. : pt.A, 73 min. ; pt.B, 40 min.) :$bsd., col. ;$c4 3/4 in.
=490  1\$aSplit Britches video collection
=530  \\$aAlso available online as streaming video.
=500  \\$aTitle supplied by Hemispheric Institute.
=500  \\$aPart of the Hemispheric Institute Digital Video Library.
=534  \\$pMedia source original:$e1 videocassette of 1 (VHS) : sd., col. ; 1/2 in. SP.$mTKD T-120.
=518  \\$aPerformed at Women's Interart Center, New York City, in May 1987.
=508  \\$aSplit Britches, producer ; Lois Weaver, director ; Isabel Miller, writer ; Joyce Halliday, adaptation ; Terry Dame, music ; Joni Wong, set ; Susan Young, costumes.
=511  1\$aLois Weaver, Peggy Shaw, Deb Margolin, Debra Miller, Sabrina Artel, Chris Brandt, Dan Crozier.
=520  \\$aSince 1981, the Split Britches Company (founded by Lois Weaver, Peggy Shaw, and Deb Margolin, www.splitbritches.com) has written and performed in trio, duet, and solo, as well as collaborated and performed with other artists. They describe their work in this way: 'Our work is rooted in popular culture, but positioned against it. It relies on moments rather than plot, relationships rather than story. It depends on the surprise of transformation rather than the logic of psychological narrative. It straddles the line between performance and theater, exploiting theatricality while exposing the pretense. It is about a community of outsiders, queers, eccentrics. It is feminist because it encourages the imaginative potential in everyone and lesbian because it takes the presence of lesbian on stage as a given.' Their vaudevillian satirical gender-bending performances have received numerous awards, including a Jane Chamber award and four Village Voice OBIE awards. Their collection of scripts, Split Britches Feminist Performance/Lesbian Practice, edited by Sue Ellen Case, won the 1997 Lambda Literary Award for Drama. This video documents their show Patience and Sarah, an adaptation of the eponymous novel by Isabel Miller. The piece was adapted by Joyce Halliday and produced in the style of the Split Britches Company.
=540  \\$aThere are copyright restrictions on this collection. For more information, go to the online version of this video.
=600  10$aMiller, Isabel,$d1924-$tPlace for us.
=655  \7$aPerformance.$2nyu-hidvl
=655  \7$aTheater.$2nyu-hidvl
=655  \7$aLesbian theater.$2nyu-hidvl
=655  \7$aFeminist theater.$2nyu-hidvl
=700  1\$aWeaver, Lois.$4drt$4prf
=700  1\$aMiller, Isabel,$d1924-$4aut
=700  1\$aHalliday, Joyce.$4adp
=700  1\$aShaw, Peggy.$4prf
=700  1\$aMargolin, Deb.$4prf
=700  1\$aMiller, Debra.$4prf
=700  1\$aArtel, Sabrina.$4prf
=700  1\$aBrandt, Chris.$4prf
=700  1\$aCrozier, Dan.$4prf
=700  1\$aDame, Terry.$4mus
=700  1\$aWong, Joni.$4std
=700  1\$aYoung, Susan.$4cst
=710  2\$aSplit Britches (Theatre company)$4pro
=710  2\$aWomen's Interart Center (New York, N.Y.)
=710  2\$aHemispheric Institute Digital Video Library.
=830  \0$aSplit Britches video collection.
=856  40$uhttp://hdl.handle.net/2333.1/bnzs7hcp
=853  00$81$apt.
=863  50$81.1$aA$p31142042580228
=863  50$81.2$aB$p31142042580236
=954  \\$81$aVolumes

