=LDR  04452ngm  2200457 a 4500
=001  003993761
=005  20140601131311.0
=006  m\\\\\\\\c\\\\\\\\
=007  cr\cna|||m|||a
=007  cr\|||||||||||
=008  140528e19880320bl\038\\\\\\\\s\\\vlpor\d
=024  7\$aHI2013_026_01$2nyu-hidvl
=040  \\$aNNU$beng$cNNU
=041  0\$apor
=043  \\$as-bl---
=245  02$aA exceção e a regra$h[videorecording] =$bThe exception and the rule /$cadaptation of the play by Bertolt Brecht ; Ói Nóis Aqui Traveiz, collective direction, costumes and props design.
=246  31$aException and the rule
=260  \\$c1988 Mar. 20.
=300  \\$3viewing copy.$astreaming video (37 min., 51 sec.) :$bsd., col.
=490  1\$aTribo de Atuadores Ói Nóis Aqui Traveiz collection
=500  \\$aTitle supplied by the Hemispheric Institute.
=546  \\$aIn Portuguese.
=500  \\$aPart of the Hemispheric Institute Digital Video Library.
=508  \\$aAlex de Souza, Mário Falcão, and Zé da Terreira, music.
=511  1\$aAdriano Marinho, Ângela Gonçalves, Antônio Motta, Auro Azevedo, Arlete Cunha, Caio Gomes, Clélio Cardoso, Dheiser Veiga, Ênio Castro, Isabella Lacerda, Janete Berdet, Jacque Rosa, José Carlos Carvalho, Marcos Castilhos, Marcos Langranha, Maria Rosa, Miriam Pereira, Nara Mattos, Paulo Flores, Regina Perdomo, Salvador Gutterres, Sérgio Etchichury, Silvana Stein, Túlio Quevedo, Virgínia Ferreira, Zezinho Moura, and Zé da Terreira, Alex Barros Cassal, Graça Carpes, Isabel Azevedo, Jarbas, João França Peixoto, Luan Cassal, and Renan Costa, performers.
=518  \\$aRecorded in Porto Alegre, Brazil, on Mar. 20, 1988.
=520  \\$aBased in Porto Alegre, The Tribo de Atuadores Ói Nóis Aqui Traveiz was born in 1978 out of a desire for a radical renovation of the language of theatre. During the several years of their existence, they have created a personal aesthetics founded upon the authorial work of the actor, both on the stage and on the streets. Their venue, the Terreira da Tribo de Atuadores Ói Nóis Aqui Traveiz, works as a community theatre school, offering several free workshops open to the public. Their tribal organization is based on the principle of collective work, both in the creative process and in the maintenance of the space. For Ói Nóis Aqui Traveiz, theater is an instrument for both revealing and analyzing reality, and it's function is social: to contribute to the collective knowledge and to the improvement of the quality of life of the people. In a world marked by exclusion, marginalization, homogenization, by dehumanizing and barbaric efforts, they see it as their moral imperative to denounce injustice, sold opinions, authoritarianism, mediocrity and the erasing of memory. Ói Nóis sees theatre as an art of resistance, in the service of arts and politics, an art that does not fit the market patterns for ethics and aesthetics. Instead, they see theater as a way of life and as a vehicle for ideas: a theater that does not comment on life, but that takes part in it.
=520  \\$aFollowing one of Brecht's major premises, that theater should fulfill it's mission of creating critical consciousness while still entertaining, Ói Nóis adapts The exception and the rule to the streets. The story of the merchant and the porter who get lost in the desert is complemented by a chorus of seven performers, who sing the events using Afro-Brazilian rhythms, and a body of eleven performers that personifies the geography, the animals, and the feelings of the story.
=534  \\$pMedia source original:$e1 videocassette (VHS) : sd., col. ; 1/2 in. SP.$mTDK T-120.
=540  \\$aThere are copyright restrictions on this collection. For more information, go to the online version of this video.
=650  \0$aTheater$zBrazil$zPorto Alegre (Rio Grande do Sul).
=650  \0$aTheater$xPolitical aspects$zBrazil.
=650  \0$aStreet theater$zBrazil$zPorto Alegre (Rio Grande do Sul).
=655  \7$aPerformance.$2nyu-hidvl
=655  \7$aTheater.$2nyu-hidvl
=700  1\$aBrecht, Bertolt,$d1898-1956.$tAusnahme und die Regel.
=710  2\$aOi Nóis Aqui Traveiz (Theater group : Porto Alegre, Rio Grande do Sul, Brazil),$edirector.
=710  2\$aHemispheric Institute Digital Video Library.
=830  \0$aTribo de Atuadores Ói Nóis Aqui Traveiz collection.
=856  40$uhttp://hdl.handle.net/2333.1/37pvmfk0

