=LDR  05376cgm  2200733 a 4500
=001  000540508
=003  NNU
=004  NYUb13531670
=005  20080407114233.0
=006  m\\\\\\\\z\\\\\\\\
=007  vd\cvaizu
=007  vf\ciahou
=007  cr\cna
=007  cr\|||||||||||
=008  070508s1988\\\\pr\069\\\\\\\\\\\\vlspa\d
=024  7\$aHI2007_096_01$2nyu-hidvl
=024  7\$aHI2007.096_01$2nyu-hidvl
=035  \\$a(NYU)NYUb13531670
=040  \\$aNNU$cNNU$eamim
=041  0\$aspa
=043  \\$anwpr---$acc-----
=079  \\$a(OCoLC)878606907
=245  00$a--qué c(s)iento volando?$h[videorecording].
=246  3\$aQué siento volando?
=246  3\$aQué csiento volando?
=260  \\$c1988.
=300  \\$3master.$a1 videocassette of 1 (Digital Betacam) (69 min.) :$bsd., col. ;$c1/2 in.
=300  \\$3viewing copy.$a1 videodisc of 1 (DVD) (69 min.) :$bsd., col. ;$c4 3/4 in.
=490  1\$aRosa Luisa Márquez and theater collaborators
=530  \\$aAlso available online as streaming video.
=546  \\$aIn Spanish.
=500  \\$aTitle supplied by Hemispheric Institute.
=500  \\$aPart of the Hemispheric Institute Digital Video Library.
=534  \\$pMedia source original:$e1 videocassette of 1 (VHS) : sd., col. ; 1/2 in. SP.$mTDK T-120.
=518  \\$aPerformed at Jardín Botánico, San Juan, Puerto Rico, in 1988.
=508  \\$aUniversity of Puerto Rico, producer ; Rosa Luisa Márquez, producer, director ; based on a text by Jean-Claude Carrière ; Ana Lydia Vega, text adaptation ; Antonio Martorell, artistic collaborator, set & props ; Dinorah Marzán, music director ; Checo Cuevas, set ; Teatro Rodante, costumes, props & masks.
=511  1\$aIrene Rivera, Dinorah Marzán, Miguel Zayas, Javier Cardona, Javier Rodríguez, Ita Venegas, Alejandra Martorell, Celso Díaz, Ovie Torres, Laura López, Astrid Roldán, Antonio Martorell, Miguel Villafañe.
=520  \\$aRosa Luisa Márquez (www.marquezmartorell.org) is a Puerto Rican theater artist and pedagogue. Founding member of the theater group Anamú in 1971, she holds a Master's degree from New York University and a Doctorate from Michigan State University; she specializes in contemporary theater. Rosa Luisa started her teaching career at the Theater department of the University of Puerto Rico in 1978. She developed the current curriculum of Drama Activities, which she teaches in her workshops at schools, prisons, rehab centers, women's shelters, nursing homes and community centers. Her directing projects include 'Romeo(s) y Julieta(s),' 'Historias para ser Contadas,' 'La Leyenda del Cemí,' 'Procesión,' 'Waiting for Godot,' 'Jardín de Pulpos,' 'Absurdos en Soledad,' 'El León y la Joya,' among others. In conjunction with Puerto Rican visual artist Antonio Martorell, she created the concept of Itinerant Performers (1987-1990) resulting in twelve productions. Published books include 'Brincos y saltos: el juego como disciplina teatral' and 'Historias para ser contadas, montaje de Rosa Luisa Márquez.' She is a member of the board of directors and pedagogical team for the EITALC's International School of Latin American and Caribbean Theater. Ongoing artistic collaborators include Gilda Navarra and Antonio Martorell (Puerto Rico), Grupo Malayerba (Ecuador), Grupo Yuyachkani (Peru), and directors Peter Shumann (Bread & Puppet Theater, U.S.A.) and Augusto Boal (Theater of the Oppressed, Brazil). This video documents the play '...qué c(s)iento volando?', a collective creation piece directed by Márquez in collaboration with Puerto Rican visual artist Antonio Martorell and their 'Teatreros Ambulantes' students from the University of Puerto Rico. Based on Jean-Claude Carrière's text 'The Conference of the Birds' (based, in turn, on a Persian myth), and translated unto Spanish by renowned Puerto Rican writer Ana Lydia Vega, the play revolves around the hardships and the search for happiness at play in the journey of Caribbean immigrants, from Africa to the West Indies to New York.
=540  \\$aThere are copyright restrictions on this collection. For more information, go to the online version of this video.
=650  \0$aTheater$zPuerto Rico.
=650  \0$aExperimental theater$zPuerto Rico.
=650  \0$aCollege theater$zPuerto Rico.
=650  \0$aEmigration and immigration.
=651  \0$aCaribbean Area$xEmigration and immigration.
=653  \\$aCollaborative creation.
=653  \\$aCaribbean migration
=655  \7$aPerformance.$2nyu-hidvl
=655  \7$aTheater.$2nyu-hidvl
=655  \7$aExperimental theater.$2nyu-hidvl
=655  \7$aCollective creation.$2nyu-hidvl
=655  \7$aUniversity theater.$2nyu-hidvl
=700  1\$aMárquez, Rosa Luisa.$4pro$4drt
=700  1\$aCarrière, Jean-Claude,$d1931-$tConférence des oiseaux.
=700  1\$aVega, Ana Lydia,$d1946-$4adp
=700  1\$aMartorell, Antonio,$d1939-$4art$4std$4prf
=700  1\$aMarzán, Dinorah.$4mus$4drt$4prf
=710  2\$aUniversity of Puerto Rico (Río Piedras Campus)$4pro
=710  2\$aHemispheric Institute Digital Video Library.
=830  \0$aRosa Luisa Márquez and theater collaborators.
=856  40$uhttp://hdl.handle.net/2333.1/41ns1rv3

