=LDR  05589cgm a2200697 a 4500
=001  003670575
=005  20121106095801.0
=006  m\\\\\\\\c\\\\\\\\
=007  vd\cvaizu
=007  cr\cna|||m|||a
=007  cr\|||||||||||
=007  vd\cvaizu
=008  121001s1988\\\\nyu051\\\\\\\\\\\\vlspa\d
=024  7\$aHI2010_069_01$2nyu-hidvl
=024  7\$aHI2010.069_01$2nyu-hidvl
=040  \\$aNNU$beng$cNNU
=041  0\$aspa$aeng
=043  \\$anwpr---$an-us---
=245  00$aTour de Fuerza$h[videorecording] /$cDavid R. White, director ; Viveca Vázquez, choreographer.
=246  30$aNuevo Latino dance and performance
=260  \\$c1988.
=300  \\$3viewing copy.$a1 videodisc of 1 (DVD) (51 min.) :$bsd., col. ;$c4 3/4 in.
=490  1\$aViveca Vázquez collection
=546  \\$aIncludes Spanish and English.
=500  \\$aTitle supplied by Hemispheric Institute.
=500  \\$aPart of the Hemispheric Institute Digital Video Library.
=518  \\$aPerformed at the Dance Theater Workshop in New York City in 1988.
=508  \\$aCarl Royce, Roberto Guzmán, sound collage designers ; David Ferri, lighting designer.
=511  1\$aMari Martín, Pilar Alamo, Juan del Hierro, Karen Langevin, Viveca Vázquez, performers.
=520  \\$aVideo documentation of Puerto Rican experimental dance performance ‘Tour de fuerza,’ choreographed by Viveca Vázquez and performed in New York City’s Dance Theater Workshop. Viveca Vázquez is a choreographer, dancer, and a professor of humanities and contemporary dance for actors at the University of Puerto Rico. She presented her first work with Pisotón, the first experimental dance group of Puerto Rico and, shortly after, Taller de Otra Cosa, of which she became the first director. Through the company she presented her choreographic work and produced events such as ‘Rompeforma’ a key festival in the development of the experimental dance and performance scene in Puerto Rico, which was co-produced with Puerto Rican choreographer based in the U.S. Merian Soto. Since 1984 she has produced and performed experimental dance works in the United States, Mexico, Venezuela and Argentina, among a great number of other places. As a teacher she has developed a pedagogical model based on body conscience and improvisation. ‘Tour de fuerza’ was a project conceived and directed by the end of the 1980s by Dance Theater Workshop’s executive director David White. The project included works by choreographers, filmmakers, perfomers, visual artists, etc. This video presents Viveca Vázquez’ participation in the project, which includes three pieces: The first one, ‘Mascando inglés’ (Chewing English), is an experimental dance choreography that works with the body in the context of the Puerto Rico-U.S. migration and the linguistic displacement that this migration generates. The performers’ bodies oscillate between orientation and disorientation, rhythmic movements and dislocation, sound and silence. These bodies are both linguistically and physically displaced. However, ‘Mascando inglés’ explores the ways in which the language of the body could entail other forms of communication.
=520  \\$aThe second piece, ‘Entendido’ (Under-stood), offers a choreography that intends to be synchronized; however, the most important part of this movement is each individual body and its particularities, given that dialogue implies assuming differences. The political content is highlighted by the presence of Puerto Rican and American flags - a symbol that positions the body between balance and unbalance, and a power that forces a disciplined body to obey several rules at the same time, but also impulses that body to subvert them. The third piece, ‘Las fumadoras’ (The Smokers), presents feminine bodies and their relationship between themselves and with various objects. The piece offers a sensation of intimacy and sharing, but also disappearance, silence, and darkness. By the minute the bodies are hardly visible, and only their movements reaffirm that they are a live presence. This physicality is finally accompanied by singing voices, which gives a glimpse of a possible sisterhood and freedom.
=530  \\$aAlso available online as streaming video.
=534  \\$pMedia source original:$e1 videocassette of 1 (Mini DV) : sd., col. ; 1/4 in. SP.$mPanasonic DVM60.
=540  \\$aThere are copyright restrictions on this collection. For more information, go to the online version of this video.
=650  \0$aEmigration and immigration.
=651  \0$aPuerto Rico$xEmigration and immigration$zUnited States.
=650  \0$aMovement (Acting)
=650  \0$aPerformance art$xPolitical aspects$zPuerto Rico.
=653  \\$aBody politics
=655  \7$aPerformance.$2nyu-hidvl
=655  \7$aDance.$2nyu-hidvl
=655  \7$aContemporary dance.$2nyu-hidvl
=655  \7$aExperimental dance.$2nyu-hidvl
=700  1\$aWhite, David R.$4drt
=700  1\$aVázquez, Viveca.$4chr$4prf
=700  1\$aMartín, Mari.$4prf
=700  1\$aAlamo, Pilar.$4prf
=700  1\$aDel Hierro, Juan.$4prf
=700  1\$aLangevin, Karen.$4prf
=710  2\$aHemispheric Institute Digital Video Library.
=740  02$aMascando inglés.
=740  02$aChewing English.
=740  02$aEntendido.
=740  02$aUnder-stood.
=740  02$aUnderstood.
=740  42$aLas fumadoras.
=740  42$aThe Smokers.
=830  \0$aViveca Vázquez collection.
=856  40$uhttp://hdl.handle.net/2333.1/79cnp6wk

