=LDR  04980cgm a22006975a 4500
=001  000511177
=003  NNU
=004  NYUb13499542
=005  20080306142006.0
=006  m\\\\\\\\z\\\\\\\\
=007  vd\cvaizu
=007  vf\ciahou
=007  cr\cna
=007  cr\|||||||||||
=008  070523s1989\\\\ck\033\\\\\\\\\\\\vlspa\d
=024  7\$aHI2006_118_01$2nyu-hidvl
=024  7\$aHI2006.118_01$2nyu-hidvl
=040  \\$aNNU$cNNU$eamim
=041  0\$aspa
=043  \\$as-ck---
=245  00$aMujeres en trance de viaje$h[videorecording].
=260  \\$c1989.
=300  \\$3master.$a1 videocassette of 1 (Digital Betacam) (33 min.) :$bsd., col. ;$c1/2 in.
=300  \\$3viewing copy.$a1 videodisc of 1 (DVD) (33 min.) :$bsd., col. ;$c4 3/4 in.
=490  1\$aDramaturgia de género : Teatro La Máscara collection
=530  \\$aAlso available online as streaming video.
=546  \\$aIn Spanish.
=500  \\$aTitle supplied by Hemispheric Institute.
=500  \\$aPart of the Hemispheric Institute Digital Video Library.
=534  \\$pMedia source original:$e1 videocassette of 1 (VHS) : sd., col. ; 1/2 in. SP.$mSHG-BC 196.
=518  \\$aPerformed at Teatro La Mama, Bogotá, Colombia, in 1989.
=508  \\$aTeatro La Máscara, producer ; Patricia Ariza, director, texts ; Eduardo Galeano ('Sobre las Brujas de Salem'), Rigoberta Menchú, texts ; Lola Luna, Clara Riasco, videographers ; Lucy Bolaños, costume design ; Pedro Alcántara, set design ; Harry Bernal, lighting design ; Julián Rodríguez, Harold Henao, music ; Pedro Rey, photography.
=511  1\$aLucy Bolaños (protagonist), Claudia Morales (protagonist), Pilar Restrepo (protagonist), Valentina Vivas (protagonist).
=520  \\$aTheater piece on political violence and displaced people in Colombia. Four women from all walks of life (a peasant, a bourgeoise, an actress, a security guard) meet at a bus station, fleeing from the war for diverse reasons. Created collaboratively (at a time when both La Máscara members and theater director Patricia Ariza migrated, fleeing from political persecution), the piece blends personal stories, fictional characters, and texts by Eduardo Galeano, Rigoberta Menchú and Patricia Ariza, in order to portray how the violence populating the regions of past and present passes on tormented memories, throwing the characters unto a place of encounters and departures, a place where dialogue is implausible, impossible, amongst torn and fragmented personal and collective histories. Haunted by their inner ghosts, the characters confront an adverse world in which they recognize, reinvent, and forget themselves. Teatro La Máscara is the oldest - and one of the only - feminist, all-women's theater in Colombia. Founded in 1972 in Cali, La Máscara was a political theater initially comprised of male as well as female actors; by the early 1980s, when only the women stayed and wanted to continue the theatrical trajectory of the group, Lucy Bolaños decided to make La Máscara a women's ensemble fully dedicated to a feminine dramaturgy on gender issues. Committed to feminism and social change, they have stayed true to this mission, despite the many social and economic pressures they've had to endure in an environment plagued by violence and machismo, which constantly seeks to 'invisibilize' their work. Because of their fruitful stubbornness, La Máscara is not only creating and staging plays, but also working with marginalized communities, actively participating in political protests and demonstrations, and being involved in the organization of theater festivals. Through their work, they keep re-thinking women's role in the construction of a peaceful Colombia.
=540  \\$aThere are copyright restrictions on this collection. For more information, go to the online version of this video.
=650  \0$aFeminist theater$zColombia.
=650  \0$aTheater$zColombia.
=650  \0$aForced migration$zColombia.
=650  \0$aRefugees$zColombia.
=650  \0$aPolitical violence$zColombia.
=653  \\$aCreación colectiva
=655  \7$aPerformance.$2nyu-hidvl
=655  \7$aTheater.$2nyu-hidvl
=655  \7$aFeminist theater.$2nyu-hidvl
=655  \7$aCollective creation.$2nyu-hidvl
=700  1\$aAriza, Patricia.$4drt$4aut
=700  1\$aGaleano, Eduardo H.,$d1940-$4aut
=700  1\$aMenchú, Rigoberta.$4aut
=700  1\$aBolaños, Lucy.$4prf
=700  1\$aMorales, Claudia.$4prf
=700  1\$aRestrepo, Pilar,$d1958-$4prf
=700  1\$aVivas, Valentina.$4prf
=710  2\$aTeatro La Máscara (Cali, Colombia)$4pro
=710  2\$aHemispheric Institute Digital Video Library.
=830  \0$aDramaturgia de género : Teatro La Máscara collection
=856  40$uhttp://hdl.handle.net/2333.1/ns1rn90h

