=LDR  04859cgm  22006855a 4500
=001  000511930
=003  NNU
=004  NYUb13500371
=005  20090408133523.0
=006  m\\\\\\\\z\\\\\\\\
=007  vd\cvaizu
=007  vf\ciahou
=007  cr\cna
=007  cr\|||||||||||
=008  070529e19890622ck\056\\\\\\\\\\\\vlspa\d
=024  7\$aHI2006_131_01$2nyu-hidvl
=024  7\$aHI2006.131_01$2nyu-hidvl
=035  \\$a(NYU)NYUb13500371
=040  \\$aNNU$cNNU$eamim
=041  0\$aspa
=043  \\$as-ck---
=245  03$aLa estación$h[videorecording].
=260  \\$c1989 June 22.
=300  \\$3master.$a1 videocassette of 1 (Digital Betacam) (56 min.) :$bsd., col. ;$c1/2 in.
=300  \\$3viewing copy.$a1 videodisc of 1 (DVD) (56 min.) :$bsd., col. ;$c4 3/4 in.
=490  1\$aTeatro Experimental de Cali (TEC) / Enrique Buenaventura collection
=530  \\$aAlso available online as streaming video.
=546  \\$aIn Spanish.
=500  \\$aTitle supplied by Hemispheric Institute.
=500  \\$aPart of the Hemispheric Institute Digital Video Library.
=534  \\$pMedia source original:$e1 videocassette of 1 (VHS) : sd., col. ; 1/2 in. SP.$mPanasonic T-120.
=518  \\$aPerformed at Teatro Municipal Enrique Buenaventura in Cali, Colombia, on June 22, 1989.
=508  \\$aEnrique Buenaventura, literary text ; Teatro Experimental de Cali, producer, props, costumes ; Jacqueline Vidal, director ; Diego Montoya, set and lighting design ; Gustavo Vivas, Luis Bacalov, music.
=511  1\$aJacqueline Vidal, Nelly Delgado, Gladys Garcés, Aida Fernández, Aicardo Bonilla, Serafín Arzamendía, Hilda Ruiz, Gilberto Ramírez, Jaime Cabal, Junior Barbosa, Gustavo Vivas (musician), Jacqueline Vidal (musician).
=520  \\$aPlay based on the short story 'El guardagujas', by Mexican writer Juan José Arreola. The action is set in a train station where trains either never show up or pass by without stopping, leaving different characters - and their families - stranded. When the train does pass, some of the passengers disappear. This sparks endless discussions on the calamitous situation of train companies in the country (which reflects, and stands for, the calamitous situation of the country itself). Chaos, uncertainty and fear grow larger, just as in Colombian society in the '80s (it was the time of the 'Guerra Sucia', the 'dirty' civil war that involved the state, guerrillas and paramilitary forces). Nobody knows which station they are in. There are no signs. Where are they? What is their destination? Teatro Experimental de Cali (TEC) is a collective of artists committed to the exploration and creation of new languages for Latin American theater. Founded in Colombia in 1955 by Enrique Buenaventura and a group of students at the Instituto Departamental de Bellas Artes, TEC has had a long and fruitful trajectory; their artistic and theoretical work has revolutionized the way that theater is conceived and practiced in Latin America. A key contribution to the field is their method of 'creación colectiva' ('collective creation'), in which all the participants of the play - including the audience - become involved with the dramatic text and its staging. In spite of this stress on collective work, TEC had in Enrique Buenaventura its main poet and playwright, who developed most of TEC's texts and directed the majority of their plays. While TEC's works address various historical and social issues, artistic quality is not sacrificed for the sake of political radicalism. TEC has thus created a theater that is politically and culturally engaged, poetic and innovative without losing its popular appeal.
=540  \\$aThere are copyright restrictions on this collection. For more information, go to the online version of this video.
=650  \0$aTheater$zColombia.
=650  \0$aViolence$zColombia.
=650  \0$aCivil war$zColombia.
=650  \0$aRailroad stations$zColombia.
=651  \0$aColombia$xHistory$y20th century.
=653  \\$aState violence
=653  \\$aGuerra Sucia
=653  \\$aDirty war
=653  \\$aCreación colectiva
=655  \7$aPerformance.$2nyu-hidvl
=655  \7$aTheater.$2nyu-hidvl
=655  \7$aCollective creation.$2nyu-hidvl
=700  1\$aBuenaventura, Enrique.$4aut
=700  1\$aVidal, Jacqueline.$4drt$4prf$4mus
=700  1\$aArreola, Juan José.$4org$tGuardagujas.
=710  2\$aTeatro Experimental de Cali.$4pro
=710  2\$aTeatro Municipal Enrique Buenaventura.
=710  2\$aHemispheric Institute Digital Video Library.
=830  \0$aTeatro Experimental de Cali (TEC) / Enrique Buenaventura collection
=856  40$uhttp://hdl.handle.net/2333.1/02v6wwxx

