=LDR  05313ngm a2200637 a 4500
=001  000539564
=003  NNU
=004  NYUb13530673
=005  20090409123024.0
=006  m\\\\\\\\z\\\\\\\\
=007  vd\cvaizu
=007  vf\ciahou
=007  cr\cna
=007  cr\|||||||||||
=008  070829e19890324cau039\\\\\\\\\\\\vleng\d
=024  7\$aHI2007_064_01$2nyu-hidvl
=024  7\$aHI2007.064_01$2nyu-hidvl
=040  \\$aNNU$cNNU$eamim
=041  0\$aeng$aspa
=245  00$aLa passion play$h[videorecording]
=260  \\$c1989 Mar. 24.
=300  \\$3master.$a1 videocassette of 1 (Digital Betacam) (39 min.) :$bsd., col. ;$c1/2 in.
=300  \\$3viewing copy.$a1 videodisc of 1 (DVD) (39 min.) :$bsd., col. ;$c4 3/4 in.
=490  1\$aEl Teatro Campesino collection
=530  \\$aAlso available online as streaming video.
=546  \\$aIn English and Spanish.
=500  \\$aTitle supplied by Hemispheric Institute.
=500  \\$aPart of the Hemispheric Institute Digital Video Library.
=534  \\$pMedia source original:$e1 videocassette of 1 (VHS) : sd., col. ; 1/2 in. SP.$mT-60.
=518  \\$aPerformed at Mission San Juan Bautista, California, on Mar. 24, 1989.
=508  \\$aEl Teatro Campesino, producer; Phillip Esparza, producer; Luis Valdez, director; Marilyn Abad, stage manager, video production; Joseph S. Cardinalli, video production; Fritz Bettjer, videographer, editor; David Silva, additional music; Jim Cave, technical director; Amy Gonzales, assistant director; Corina M. Rios, production assistant; K. Gartside, assistant stage manager; Josie Chavez, costumes; Hector Godoy, makeup; Joseph Cardinalli, Nicole Fruge, Lisa Larice, Henry Moreno, Robert Castro, Joaqun Vasquez, Petra Arevalo, production crew; Paul Abad, grip; Dino Arevalo, sound; Arturo Gomez, artwork.
=511  1\$aJorge Galvan, Lupe Valdez, Miguel Najera, Thom Pintello, Armando Quitana, Ric Salinas, Herbet Siguenza, Rogelio Rojas, Rosa Apodaca, Amy E. Mager, Andres Gutierrez, Janet Johns, Rosa M. Escalante, Josie Chavez, Cesar E. Flores, Anahuac Valdez, Corina Beltran, Hector Godoy, Richard Montoya, Kinan Valdez, Mino Valdez, Tony Boch, Fran Hernandez, Edgar Sanchez, Karla Arevalo, Beatrice Brown, Gaby Candelaria, Ixiim Flores, Tajin Flores, Margaret Galvan, Nanette Quientero, Vicky Trujillo, Kati Valdez, Ruby Vazquez, Sonora L.A. Vasquez, Victoria Villarreal, Luis Valdez, Robert Ojeda, Willie Loya, Daniel Valdez, David Silva, Luis Moreno, Clyde.
=520  \\$aFounded in 1965 by Luis Valdez, El Teatro Campesino was initially the cultural wing of the United Farm Workers union in California's central valley. With a pointed political mission, ETC performed their actos in the fields, agitprop improvisations communicated eloquently with the workers, who could neither read nor write, but recognized themselves and their values in the actos. By 1970 ETC had gained an international reputation, with major contributions to Chicano culture in the U.S. and to the development and expansion of the boundaries of theater everywhere. Theirs is a popular theater rooted in the American streets, early California history, Mayan/Aztec mythology and Mexican folklore and spiritualism, all geared toward expression of social, political and cultural perceptions. Valdez believes in a total theaterone where an elevation of sensation is achieved through a trinity of music, dance and drama to stimulate a New American Audience, a celebration of cultural diversity. This is a documentary of ETCs The Passion Play. Opening with a narration by Luis Valdez about the piece and a brief history of ETC, the documentary shows a fragment of the performance, which focuses on the Via Crucis (the Way of the Cross) as the condemned Messiah makes his way to his Crucifixion. The text is adapted from the New Testament, with a narrator serving to connect the traditional Stations of the Cross. Staged in the historic town plaza, fronting the old Mission of San Juan Bautista (founded in 1797), this open air spectacle allowed the audience to follow the various scenes both as observers and participants, as the action moved from place to place around the public square. Alternate performances were offered in English and in Spanish.
=540  \\$aThere are copyright restrictions on this collection. For more information, go to the online version of this video.
=600  00$aJesus Christ$xPassion.
=600  00$aJesus Christ$xCrucifixion.
=650  \0$aStations of the Cross.
=650  \0$aMexican American theater.
=653  \\$aVia Crucis
=653  \\$aReligious theater
=653  \\$aChicano theater
=655  \7$aDocumentaries.$2aat
=655  \7$aPerformances (entertainment events).$2aat
=655  \7$aPerformance art.$2aat
=655  \7$aTheater (discipline).$2aat
=700  1\$aEsparza, Phillip.$4pro
=700  1\$aValdez, Luis.$4drt
=710  2\$aSan Juan Bautista (Mission : San Juan Bautista, Calif.)
=710  2\$aTeatro Campesino (Organization)
=710  2\$aHemispheric Institute Digital Video Library.
=830  \3$aEl Teatro Campesino collection.
=856  40$uhttp://hdl.handle.net/2333.1/pzgmsbpd

