=LDR  04548ngm a2200697 a 4500
=001  003090723
=005  20130207150231.0
=006  m\\\\\\\\c\\\\\\\\
=007  vf\miahou
=007  cr\mna---muuuu
=007  cr\|||||||||||
=008  081013e198908uucl\009\\\\\\\\\\\\vlspa\d
=024  7\$aHI2006_009_01$2nyu-hidvl
=040  \\$aNNU$beng$cNNU$eamim
=245  00$aNO+$h[videorecording] :$bLas mujeres votamos NO+.
=246  3\$aNO mas :$bLas mujeres votamos NO+
=246  3\$aNO more :$bWe, women, vote NO+
=246  30$aMujeres votamos NO+
=246  3\$aWe, women, vote NO+
=260  \\$c1989 Aug.
=300  \\$3master.$a1 videocassette of 1 (Digital Betacam) (9 min.) :$bsd., b&w and col. ;$c1/2 in.
=490  1\$aCADA (Colectivo Acciones de Arte) collection
=530  \\$aAlso available online as streaming video.
=546  \\$aIn Spanish.
=500  \\$aTitle supplied by Hemispheric Institute.
=500  \\$a"Hacer historia"--opening screen.
=500  \\$aPart of the Hemispheric Institute Digital Video Library.
=534  \\$pMedia source original:$e1 videocassette of 1 (U-matic) : sd., b&w and col. ; 3/4 in.
=518  \\$aRecorded in Santiago, Chile, in August 1989.
=508  \\$aCADA (Colectivo Acciones de Arte), Lorena Figueroa, producers ; Lotty Rosenfeld, director ; Diamela Eltit, script ; David Muñoz, editor ; Loreto Valenzuela, voice over ; Felipe Martínez, music ; Lotty Rosenfeld, videographer.
=520  \\$aThe Colectivo de Acciones de Arte (CADA) is a Chilean activist group of artists (artists Lotty Rosenfeld and Juan Castillo, sociologist Fernando Balcells, poet Raúl Zurita and novelist Diamela Eltit) who used performance to challenge the Pinochet dictatorship in Chile. One of the most important contributors to the ‘Escena Avanzada’, CADA incorporated strategies of theatricality and performance as an essential element to all its ‘art actions’, while questioning the practices and institutions of all politics and conceiving art as a necessary social practice that eradicated the traditional distance between the artist and the spectator. Committed to the foundation of an open and spontaneous practice of spectatorship, their ‘interventions in everyday life’ intended to interrupt and alter the normalized routines of the daily urban life of the citizen, by means of a semiotic subversion that decontextualized and semantically restructured urban behaviors, locations and signs.
=520  \\$aOn the 10th year of Augusto Pinochet’s dictatorship in Chile, CADA proposed the slogan 'NO +' (NO more). This was meant as an open text to be completed by the citizens, according to their specific social demands (No more ...). CADA invited Chilean artists from different fields to spread this message on walls all over Santiago. Wall tagging was the first form of NO+, but the slogan was soon used by different collectives all over the country as a massive public symbol of political resistance and non-conformity.
=520  \\$aThis documentary shows the application of the slogan NO + by the women's movement in Chile; the video portrays the women's movement as an active participant in joint efforts of civic resistance against the dictatorship.
=540  \\$aThere are copyright restrictions on this collection. For more information, go to the online version of this video.
=650  \0$aPolitical participation$zChile.
=650  \0$aArt$xPolitical aspects.
=650  \0$aArt and social conflict.
=650  \0$aArt and state.
=650  \0$aArt and society.
=651  \0$aChile$xSocial conditions$y1970-
=651  \0$aChile$xPolitics and government$y1973-1988.
=650  \0$aCivil rights$zChile.
=650  \0$aCivil rights movements$zChile.
=600  10$aPinochet Ugarte, Augusto.
=610  10$aChile.$bPresident (1974-1990 : Pinochet Ugarte)
=650  \0$aDictatorship$zChile.
=650  \0$aDictators$zChile.
=653  \\$aCivil rights activism
=655  \7$aDocumentary.$2nyu-hidvl
=655  \7$aPolitical performance.$2nyu-hidvl
=655  \7$aAcción.$2nyu-hidvl
=655  \7$aVideo/action on art & politics.$2nyu-hidvl
=700  1\$aFigueroa, Lorena.$4pro
=700  1\$aRosenfeld, Lotty.$4drt$4vdg
=700  1\$aEltit, Diamela,$d1949-$4aus
=710  2\$aColectivo Acciones de Arte.$4pro
=710  2\$aHemispheric Institute Digital Video Library.
=740  0\$aHacer historia.
=830  \0$aCADA (Colectivo Acciones de Arte) collection.
=856  40$uhttp://hdl.handle.net/2333.1/dr7sqvvn

