=LDR  04469cgm a22006255a 4500
=001  000512345
=003  NNU
=004  NYUb13500817
=005  20090408175605.0
=006  m\\\\\\\\z\\\\\\\\
=007  vd\cvaizu
=007  vf\ciahou
=007  cr\cna
=007  cr\|||||||||||
=008  070530s1989\\\\ck\022\\\\\\\\\\\\vlspa\d
=024  7\$aHI2006_142_01$2nyu-hidvl
=024  7\$aHI2006.142_01$2nyu-hidvl
=035  \\$a(NYU)NYUb13500817
=040  \\$aNNU$cNNU$eamim
=041  0\$aspa
=043  \\$as-ck---
=245  00$aMaravilla estar$h[videorecording].
=260  \\$c1989.
=300  \\$3master.$a1 videocassette of 1 (Digital Betacam) (22 min.) :$bsd., col. ;$c1/2 in.
=300  \\$3viewing copy.$a1 videodisc of 1 (DVD) (22 min.) :$bsd., col. ;$c4 3/4 in.
=490  1\$aTeatro La Candelaria collection
=530  \\$aAlso available online as streaming video.
=546  \\$aIn Spanish.
=500  \\$aTitle supplied by Hemispheric Institute.
=500  \\$aPart of the Hemispheric Institute Digital Video Library.
=534  \\$pMedia source original:$e1 videocassette of 1 (VHS) : sd., col. ; 1/2 in. SP.$mSony T-120.
=518  \\$aPerformed at Teatro La Calendaria, Bogotá, Colombia, in 1989.
=508  \\$aSantiago García, writer, director ; Teatro La Calendaria, producer ; based on Lewis Carroll's 'Alice's Adventures in Wonderland' and 'Through the Looking-Glass' ; Ignacio Rodríguez, music ; Jorge Ardilla, Santiago García, set design ; Carlos Robledo, lighting design.
=511  1\$aCésar Badillo, Fanny Baena, Santiago García, Fernando Peñuela.
=520  \\$aThe play starts with a traveler (Aldo Tarazona), who arrives at the stage and affirms he has reached the place where he will stay from then on. But when he decides to claim this piece of land his own, a new character shows up and they start arguing. When still more characters appear, Aldo realizes he was not the first one to arrive at this place. They start judging the newcomer and going through his belongings. Then they welcome him and he stays with the inhabitants of the place. Aldo gets involved with one of them, Alicia; five years go by and they have a child. A priest shows up and tries to marry them. Alicia becomes a circus artist. With the baby on her back, Alicia climbs up to the heights of the circus tent. The play ends with the newcomer begging her to come down. After all these experiences, Aldo learns that reality is more complex than he had thought, that sometimes reason, logic and the senses are not completely trustworthy. La Candelaria was founded in 1966 by a group of independent artists and intellectuals who came from experimental theater and the broader Colombian cultural movement. Directed by Santiago García, La Candelaria (www.teatrolacandelaria.org.co) is one of Colombian theater's most innovative agents, modernizing national drama while addressing popular audiences. By means of an ongoing exploration of national folklore, situations and characters, they have created some of Colombia's most compelling plays, some of them through the method of 'creación colectiva' (collective creation), addressing the acute social and political problems of their society. At the same time, they fostered the creation of Corporación Colombiana del Teatro and have developed a number of theoretical works that reflect upon dramatic creation, its methods and languages. Still nowadays, La Candelaria is committed to repertoire, experimentation, and discussion as fundamental elements to artistic creation.
=540  \\$aThere are copyright restrictions on this collection. For more information, go to the online version of this video.
=650  \0$aTheater$zColombia.
=650  \0$aImaginary places.
=655  \0$aFantasy.
=653  \\$aImaginary worlds
=653  \\$aCreación colectiva
=655  \7$aPerformance.$2nyu-hidvl
=655  \7$aTheater.$2nyu-hidvl
=655  \7$aCollective creation.$2nyu-hidvl
=655  \7$aColombian theater.$2nyu-hidvl
=700  1\$aGarcía, Santiago.$4aut$4drt$4prf
=700  1\$aCarroll, Lewis,$d1832-1898.$4org
=710  2\$aGrupo La Candelaria.$4pro
=710  2\$aHemispheric Institute Digital Video Library.
=830  \0$aTeatro La Candelaria collection.
=856  40$uhttp://hdl.handle.net/2333.1/pk0p2nr6

