=LDR  04462cgm a2200613 a 4500
=001  000560633
=003  NNU
=004  NYUb13553459
=005  20100805114004.0
=006  m\\\\\\\\z\\\\\\\\
=007  vd\cvaizu
=007  vf\ciahou
=007  cr\cna
=007  cr\|||||||||||
=008  071114e19891208nyu081\\\\\\\\\\\\vleng\d
=024  7\$aHI2005_014_01$2nyu-hidvl
=024  7\$aHI2005.014_01$2nyu-hidvl
=040  \\$aNNU$cNNU$eamim
=043  \\$an-us---
=245  00$aAnnie Humphrey in concert$h[videorecording]
=260  \\$c1989 Dec. 8.
=300  \\$3master.$a1 videocassette of 1 (Digital Betacam) (81 min.) :$bsd., col. ;$c1/2 in.
=300  \\$3viewing copy.$a1 videodisc of 1 (DVD) (81 min.) :$bsd., col. ;$c4 3/4 in.
=490  1\$aAmerican Indian Community House collection
=530  \\$aAlso available online as streaming video.
=500  \\$aTitle supplied by Hemispheric Institute.
=500  \\$aPart of the Hemispheric Institute Digital Video Library.
=534  \\$pMedia source original:$e1 videocassette of 1 (VHS) : sd., col. ; 1/2 in. SP.
=518  \\$aPerformed at The American Indian Community House, New York City, on Dec. 8, 1989.
=508  \\$aAmerican Indian Community House, producer ; Annie Humphrey, creator.
=511  0\$aAnnie Humphrey, performer.
=520  \\$aA 1989 concert by Annie Humphrey (Ojibwe) at the American Indian Community House in New York City. Annie Humphrey (www.anniehumphrey.com) was born and raised on an Ojibwe Indian reservation in Northern Minnesota. Her father taught her how to play the guitar when she was in the first grade; two years later she was playing piano (she taught herself) and composing her first songs. Humphrey's first national exposure came on the album The Whispering Tree, a collaborative recording of poetry and music by various artists featuring Humphrey. In 2001, Humphrey received The Native American Music Awards Female Artist of the Year Award, for her first solo album, The Heron Smiled which was also voted Best Folk recording of the year. Edge of America, also on Makoché, was released in the fall of 2003. The American Indian Community House (AICH) is an urban Indian center that services the needs of the Native people living in New York City and welcomes Native visitors to the city. AICH was founded in 1969 and has become a de facto neighborhood serving as a meeting place for the diverse Native community of the New York City area. The Community House offers a variety of services ranging from substance abuse and HIV counseling, to career assistance. It is also home to the only Indian owned and operated art gallery in New York City. The AICHs Performing Arts Department has become an important resource for Native visual and performance artists. Through its programming, performance has become an important educational vehicle, both for the Native and non-Native NY community. The Badger's Corner, initiated in the 1980s, is an education-via-entertainment vehicle for the AICHs visual and performing arts department programs. Taking its name from the Pueblo legend of the four-legged creature who led the Pueblo people out of the underworld after the great flood, the intent of its programming is to inform and challenge people to rethink their concept(s) of Native American people and customs. All performances at AICH are presented under the auspices of the Badgers Corner.
=540  \\$aThere are copyright restrictions on this collection. For more information, go to the online version of this video.
=600  10$aHumphrey, Annie.
=650  \0$aIndians$vMusic.
=650  \0$aIndians of North America$vMusic.
=650  \0$aIndian musicians.
=650  \0$aWomen singers.
=650  \0$aFolk music$zUnited States.
=650  \0$aIndian women artists.
=655  \7$aPerformance.$2nyu-hidvl
=655  \7$aConcert.$2nyu-hidvl
=655  \7$aAmerican Indian women singers.$2nyu-hidvl
=655  \7$aNative American performance.$2nyu-hidvl
=700  1\$aHumphrey, Annie.$4cre$4mus$4prf
=710  2\$aAmerican Indian Community House (New York, N.Y.)$4pro
=710  2\$aHemispheric Institute Digital Video Library.
=830  \0$aAmerican Indian Community House collection.
=856  40$uhttp://hdl.handle.net/2333.1/pc866tcr

