=LDR  05044cgm  22007335a 4500
=001  000514149
=003  NNU
=004  NYUb13502859
=005  20080408162658.0
=006  m\\\\\\\\z\\\\\\\\
=007  vd\cvaizu
=007  vf\ciahou
=007  cr\cna
=007  cr\|||||||||||
=008  070607s1989\\\\pr\027\\\\\\\\\\\\vlspa\d
=024  7\$aHI2007_029_01$2nyu-hidvl
=024  7\$aHI2007.029_01$2nyu-hidvl
=040  \\$aNNU$cNNU$eamim
=041  0\$aspa
=043  \\$anwpr---
=245  03$aLa pasión y muerte de Adolfina Villanueva$h[videorecording].
=260  \\$c1989.
=300  \\$3master.$a1 videocassette of 1 (Digital Betacam) (27 min.) :$bsd., col. ;$c1/2 in.
=300  \\$3viewing copy.$a1 videodisc of 1 (DVD) (27 min.) :$bsd., col. ;$c4 3/4 in.
=490  1\$aRosa Luisa Márquez and theater collaborators
=530  \\$aAlso available online as streaming video.
=546  \\$aIn Spanish.
=500  \\$aDisc also contains HI2007.029_02 ("La leyenda del Cemí") and HI2007.029_03 ("Marcha de la plena verdad").
=500  \\$aTitle supplied by Hemispheric Institute.
=500  \\$aPart of the Hemispheric Institute Digital Video Library.
=534  \\$pMedia source original:$e1 videocassette of 1 (VHS) : sd., col. ; 1/2 in. SP.$mTDK T-120HSN.
=518  \\$aPerformed at the University of Puerto Rico, San Juan, Puerto Rico, in 1989.
=508  \\$aCEDME-TV, University of Puerto Rico, Rosa Luisa Márquez, producers ; Peter Shumann, director ; Osvaldo Rivera, editor & videographer ; Roberto González, videographer ; José Reyes, Pedro Rodríguez, Peter Zambrana, audio.
=511  1\$aBread & Puppet Theater, Teatreros Ambulantes.
=520  \\$aRosa Luisa Márquez (www.marquezmartorell.org) is a Puerto Rican theater artist and pedagogue; she specializes in contemporary theater. Rosa Luisa started her teaching career at the theater department of the University of Puerto Rico in 1978. She developed the current curriculum of Drama Activities, which she teaches in her workshops at schools, prisons, rehab centers, women's shelters and community centers. Her directing projects include 'Romeo(s) y Julieta(s),' 'Historias para ser Contadas,' 'La Leyenda del Cemí,' 'Procesión,' 'Waiting for Godot,' 'Jardín de Pulpos,' 'Absurdos en Soledad,' 'El León y la Joya,' among others. Published books include 'Brincos y saltos: el juego como disciplina teatral' and 'Historias para ser contadas, montaje de Rosa Luisa Márquez.' She is a member of the board of directors and pedagogical team for the EITALC's International School of Latin American and Caribbean Theater. Ongoing artistic collaborators include Gilda Navarra and Antonio Martorell (Puerto Rico), Grupo Malayerba (Ecuador), Grupo Yuyachkani (Peru), and directors Peter Shumann (Bread & Puppet Theater, U.S.A.) and Augusto Boal (Theater of the Oppressed, Brazil). In conjunction with visual artist Antonio Martorell, she created the concept of 'Teatreros Ambulantes' (Itinerant Performers, 1987-1990), resulting in twelve productions. 'La Pasión y Muerte de Adolfina Villanueva' is one of these projects. A co-production of Peter Schumann's Bread & Puppet Theater and the Teatreros Ambulantes, it tells the story of Adolfina Villanueva, a woman who was assassinated by the police in the Afro-Puerto Rican town of Loíza while defending her home and family during a forced eviction operative on February 6th, 1980. The piece brings to the forefront issues of human rights and current tensions between impoverished communities and developers of 'exclusive' building projects, all issues affecting the Puerto Rican society as a whole: as the piece states, 'we are all on the same boat.'
=540  \\$aThere are copyright restrictions on this collection. For more information, go to the online version of this video.
=600  10$aVillanueva, Adolfina$vDrama.
=650  \0$aTheater$zPuerto Rico.
=650  \0$aExperimental theater$zPuerto Rico.
=650  \0$aEviction$zPuerto Rico.
=650  \0$aPoor$zPuerto Rico.
=650  \0$aHuman rights$zPuerto Rico.
=653  \\$aForced evictions
=653  \\$aCollaborative creation
=655  \7$aPerformance.$2nyu-hidvl
=655  \7$aTheater.$2nyu-hidvl
=655  \7$aPolitical theater.$2nyu-hidvl
=655  \7$aExperimental theater.$2nyu-hidvl
=655  \7$aCollective creation.$2nyu-hidvl
=655  \7$aPuppet theater.$2nyu-hidvl
=700  1\$aMárquez, Rosa Luisa.$4pro
=700  1\$aShumann, Peter.$4drt
=710  2\$aBread and Puppet Theater.$4prf
=710  2\$aTeatreros Ambulantes.$4prf
=710  2\$aCEDME-TV.$4pro
=710  2\$aUniversity of Puerto Rico (Río Piedras Campus)$4pro
=710  2\$aHemispheric Institute Digital Video Library.
=830  \0$aRosa Luisa Márquez and theater collaborators.
=856  40$uhttp://hdl.handle.net/2333.1/hqbzkh92

