=LDR  04741cgm a22006855a 4500
=001  000510936
=003  NNU
=004  NYUb13499294
=005  20080306121852.0
=006  m\\\\\\\\z\\\\\\\\
=007  vd\cvaizu
=007  vf\ciahou
=007  cr\cna
=007  cr\|||||||||||
=008  070522e19891006nyu058\\\\\\\\\\\\vleng\d
=024  7\$aHI2006_113_01$2nyu-hidvl
=024  7\$aHI2006.113_01$2nyu-hidvl
=040  \\$aNNU$cNNU$eamim
=043  \\$an-us-ny
=245  04$aThe ozone show$h[videorecording].
=246  3\$aP.S. 122 presents :$bCircus Amok in The ozone show
=246  3\$aPerformance Space 122 presents :$bCircus Amok in The ozone show
=246  3\$aCircus Amok in The ozone show
=260  \\$c1989 Oct. 6.
=300  \\$3master.$a1 videocassette of 1 (Digital Betacam) (58 min.) :$bsd., col. ;$c1/2 in.
=300  \\$3viewing copy.$a1 videodisc of 1 (DVD) (58 min.) :$bsd., col. ;$c4 3/4 in.
=490  1\$aCircus Amok collection
=530  \\$aAlso available online as streaming video.
=500  \\$aTitle supplied by Hemispheric Institute.
=500  \\$aPart of the Hemispheric Institute Digital Video Library.
=534  \\$pMedia source original:$e1 videocassette of 1 (VHS) : sd., col. ; 1/2 in. SP.
=518  \\$aPerformed at P.S. 122, New York City, on Oct. 6, 1989.
=508  \\$aCircus Amok, producer ; conceived and directed by Jennifer Miller ; Billy Swindler & Bobbo, music ; Rick Rey, assistant director/movement coach ; Scott Heron, production assistant, visual design ; Joel Giguere, lighting design ; recorded by Character Generators ; Michael Schwartz, videographer ; Ron English, painting ; Nannette Decillis, Chris Cochran, additional music ; Sara Schulman, additional writing.
=511  1\$aJennifer Miller, Dominique Dibbell, Sarah Germain, Jennifer Green, Scott Heron, Dan Kelley, Jennifer Monson, Bobbo (musician), Scott Lilly (musician) ; Dee Dee Dorvillier, Jennifer Lacey, roustabouts.
=520  \\$aVideo documentation of Circus Amok's first show, 'The Ozone Show', performed in 1989 at renowned NYC performance venue P.S. 122. The piece revolves around the topic of environmental pollution and its subsequent depletion effect on the ozone layer, along with its manifold ecological repercussions. A 'lack of protection' is exposed through the denunciation of related environmental issues like the greenhouse effect, worldwide epidemics, illegal toxic wasted dumping, ineffective governmental policy, the effect of pollution on endangered species, etc., all interwoven in a joyful extravaganza of acrobatic artistry, satiric skill, and good old-fashioned circus fun. Circus Amok (www.circusamok.org) is a New York City based circus-theater company whose mission is to provide free public art addressing contemporary issues of social justice to the people of New York City. Directed and founded by Jennifer Miller, the group has been together since 1989 bringing its funny, queer, caustic and sexy, political one-ring spectacles to diverse neighborhoods throughout the city. Over the years the traditional circus skills - tight rope walking, juggling, acrobatics, stilt walking, clowning - have been combined with experimental dance, lifesize puppetry, music old and new, and gender-bending performance art and improvisational techniques, creating new meanings for circus while continuing to entertain the crowds of all ages throughout the city streets, gardens, parks, and playgrounds, inviting the audience to join them in envisioning a more empowered life of community interaction while enjoying a queer celebratory spectacle.
=540  \\$aThere are copyright restrictions on this collection. For more information, go to the online version of this video.
=650  \0$aCircus$zNew York (State)$zNew York.
=650  \0$aStreet theater$zNew York (State)$zNew York.
=650  \0$aGay theater$zNew York (State)$zNew York.
=650  \0$aPollution.
=653  \\$aPolitics
=653  \\$aPolitical performance
=653  \\$aQueer performance
=655  \7$aPerformance.$2nyu-hidvl
=655  \7$aCircus.$2nyu-hidvl
=655  \7$aPolitical performance.$2nyu-hidvl
=655  \7$aQueer performance.$2nyu-hidvl
=655  \7$aTheater.$2nyu-hidvl
=700  1\$aMiller, Jennifer,$d1961-$4cre$4drt$4prf
=700  1\$aSwindler, Billy.$4cmp$4mus
=700  1\$aRey, Rick.$4drt
=710  2\$aCircus Amok.$4pro
=710  2\$aHemispheric Institute Digital Video Library.
=830  \0$aCircus Amok collection.
=856  40$uhttp://hdl.handle.net/2333.1/9ghx3fnb

