=LDR  06066cgm a2200793 a 4500
=001  000560582
=003  NNU
=004  NYUb13553401
=005  20140421141751.0
=006  m\\\\\\\\z\\\\\\\\
=007  vd\cvaizu
=007  vf\ciahou
=007  cr\cna
=007  \\vd
=007  cr\|||||||||||
=008  071114e19890717nyu123\\\\\\\\\\\\vleng\d
=024  7\$aHI2005_013_A_01$2nyu-hidvl
=024  7\$aHI2005_013_B_01$2nyu-hidvl
=024  7\$aHI2005.013_01_A$2nyu-hidvl
=035  \\$a(NYU)NYUb13553401
=040  \\$aNNU$cNNU$eamim
=245  00$aNative American visions$h[videorecording].
=246  33$aCelebrate Brooklyn :$bNative American visions
=246  1\$iTitle on DVD container label:$aNative American vision
=260  \\$c1989 July 17.
=300  \\$3master.$a2 videocassettes of 2 (Digital Betacam) (123 min.) :$bsd., col. ;$c1/2 in.
=300  \\$3viewing copy.$a2 videodiscs of 2 (DVD) (123 min. : pt.A, 89 min. ; pt.B, 34 min.) :$bsd., col. ;$c4 3/4 in.
=490  1\$aAmerican Indian Community House collection
=530  \\$aAlso available online as streaming video.
=500  \\$aTitle supplied by Hemispheric Institute.
=500  \\$aPart of the Hemispheric Institute Digital Video Library.
=534  \\$pMedia source original:$e1 videocassette of 1 (VHS) : sd., col. ; 1/2 in. SP.
=518  \\$aPerformed at the Prospect Park Bandshell, Brooklyn, New York, on July 17, 1989.
=508  \\$aCelebrate Brooklyn/Brooklyn Information and Culture (BRIC), producer ; American Indian Community House, producer ; Jim Pepper, creator ; Raoul Trujillo, creator ; Pura Fe/Ulali, creator.
=511  0\$aJim Pepper, musician ; Arto Tuncboyachi, musician ; Raoul Trujillo, dancer ; Pura Fe/Ulali, a capella group.
=520  \\$a'Native American Visions,' a concert of contemporary, traditional and jazz music featuring Jim Pepper, Arto Tuncboyachi and the a cappella group Pura Fe, was part the 1989 'Celebrate Brooklyn' festival, held at the Prospect Park Bandshell. The show was opened with traditional American Indian drumming and singing and also featured dancer, Raoul Trujillo's contemporary dance solo, 'The Shaman's Journey'. Saxophonist Jim Pepper (b. 1941 - d. 1992) a Creek and Kaw Indian was an innovative jazz musician who made his mark in the United States and in Europe. His unique style fused Native American Church music and powwow music with the experimental jazz. His best know work, 'Pepper's Pow Wow,' was released in 1971. Pepper was a big influence on Muscogee poet Joy Harjo, and collaborated with the Native women's a cappella group, Ulali. He was inducted into the Native American Music Awards Hall of Fame posthumously after his tragic death following his battle with lymphoid cancer. 
=520  \\$aPepper is remembered for his contribution to both the Jazz scene and the Native music scene, and for expanding the perceptions and expectations of both genres. Raoul Trujillo (Apache/Ute) is an actor, dancer, and former soloist with the Nikolais Dance Theatre and the original choreographer and co-director for the American Indian Dance Theatre. He is the host for a series of dancing programs and received an Emmy Nomination for Best Performer as the Host/Narrator for the highly acclaimed New York Public Television series, 'Dancing.' Pura Fe, (Tuscarora), Soni Moreno (Apache/Mayan) and Jennifer Kreisberg (Tuscarora) are now known as and the sole members of the a cappella group Ulali (formally Pura Fe). Ulali blends a variety of traditional and contemporary indigenous music of the Americas, incorporating political, social and personal issues that affect all of humanity.   
=520  \\$aBy fusing outside influences with Native words and music, Ulali challenges notions of how 'traditional' words and concepts are applicable in the modern world. The group can be heard on dozens of albums, documentaries and movies. The American Indian Community House (AICH) is an urban Indian center that services the needs of the Native people living in New York City and welcomes Native visitors to the city. AICH was founded in 1969 and has become a de facto 'neighborhood' serving as a meeting place for the diverse Native community of the New York City area. The Community House offers a variety of services ranging from substance abuse and HIV counseling, to career assistance. It is also home to the only Indian owned and operated art gallery in New York City. The AICH's Performing Arts Department has become an important resource for Native visual and performance artists.   
=520  \\$aThrough its programming, performance has become an important educational vehicle, both for the Native and non-Native NY community.  
=540  \\$aThere are copyright restrictions on this collection. For more information, go to the online version of this video.
=610  20$aUlali (Musical group)
=650  \0$aIndians$vMusic.
=650  \0$aIndian dance.
=650  \0$aIndian musicians.
=650  \0$aVocal trios, Unaccompanied.
=650  \0$aVocal trios.
=655  \7$aPerformance.$2nyu-hidvl
=655  \7$aConcert.$2nyu-hidvl
=655  \7$aNative American music.$2nyu-hidvl
=655  \7$aNative American dance.$2nyu-hidvl
=655  \7$aAmerican Indian a cappella group.$2nyu-hidvl
=655  \7$aAmerican Indian performance.$2nyu-hidvl
=700  1\$aPepper, Jim.$4cre$4mus
=700  1\$aTrujillo, Raoul.$4cre$4dnc
=700  1\$aTuncboyaci, Arto.$4mus
=710  2\$aUlali (Musical group)$4cre$4mus
=710  2\$aAmerican Indian Community House (New York, N.Y.)$4pro
=710  2\$aBrooklyn Information and Culture.$4pro
=710  2\$aHemispheric Institute Digital Video Library.
=830  \0$aAmerican Indian Community House collection.
=853  00$81$apt.
=863  50$81.1$aA$p31142042824477
=863  50$81.2$aB$p31142042824485
=856  40$uhttp://hdl.handle.net/2333.1/t4b8gtww
=954  \\$81$aVolumes

