=LDR  06392cgm a2200673 a 4500
=001  000516309
=003  NNU
=004  NYUb13505315
=005  20080131164149.0
=006  m\\\\\\\\z\\\\\\\\
=007  vd\cvaizu
=007  vf\ciahou
=007  cr\cna
=007  cr\|||||||||||
=008  070613s1989\\\\mx\078\\\\\\\\\\\\vlspa\d
=024  7\$aHI2006_036_01$2nyu-hidvl
=024  7\$aHI2006.036_01$2nyu-hidvl
=035  \\$a(NYU)NYUb13505315
=040  \\$aNNU$cNNU$eamim
=245  00$aYourcenar, o cada quien su Marguerite$h[videorecording].
=246  30$aCada quien su Marguerite
=246  30$aYourcenar
=260  \\$c1989.
=300  \\$3master.$a1 videocassette of 1 (Digital Betacam) (78 min.) :$bsd., col. ;$c1/2 in.
=300  \\$3viewing copy.$a1 videodisc of 1 (DVD) (78 min.) :$bsd., col. ;$c4 3/4 in.
=490  1\$aEl Hábito collection
=530  \\$aAlso available online as streaming video.
=546  \\$aIn Spanish.
=500  \\$aTitle supplied by Hemispheric Institute.
=500  \\$aPart of the Hemispheric Institute Digital Video Library.
=534  \\$pMedia source original:$e1 videocassette of 1 (VHS) : sd., col. ; 1/2 in. SP.$mSony T-120.
=518  \\$aPerformed at Foro Sor Juana Inés de la Cruz, Mexico City, Mexico, in 1989.
=508  \\$aJesusa Rodríguez, producer, director, adapter ; Liliana Felipe, producer, music ; UNAM, producer ; DIVAS, producer ; based on 'Qui n'a pas son Minotaure' by Marguerite Yourcenar ; Marcela Rodríguez, music ; Paco González (TV UNAM), video producer ; Carlos Trejo, set design, lighting design ; Carlos Roces, costume design ; Adrian Bravo, Alejandro Bravo, videographers.
=511  1\$aJesusa Rodríguez, protagonist ; Paloma Woolrich , protagonist ; Claudia Lobo, protagonist ; Juan Ibarra, protagonist ; Felipe Fernández, Linda Lasky, Francis Laboriel, Mario Iván Martínez, Laura Sosa, Giovanna Cavassola, Maribel Carrasco, Luis Martín, cast.
=520  \\$aVideo documentation of 'Yourcenar, o Cada Quien su Marguerite,' a 'sacred divertimento' based on French writer Marguerite Yourcenar's text 'Qui n'a pas son Minotaure', adapted and directed by Mexican theater and performance artist Jesusa Rodríguez. Inspired by the Greek myth of Theseus, Ariadne and the Minotaur, the play poses a philosophical reflection on the desires, repressions, dreams and sufferings of contemporary men and women. The triangle Ariadne-Theseus-Phaedra (performed by Paloma Woolrich, Juan Ibarra and Claudia Lobo respectively), brings to the forefront dramatic conflicts rooted in a series of dualities: sensual/spiritual, constructive/destructive, idealist/pragmatic, male/female, to attack/to wait. The performance, full of poetic images, choreographic gestures, and mythic symbolism, renders the Minotaur a metaphor of these conflicts (the 'inner monsters' of humanity): each one of us, contemporary people, confronts our own inner Minotaur. Mexican director, actress, playwright, performance artist, scenographer, entrepreneur, and social activist Jesusa Rodréguez has been called the most important woman of Mexico. Often referred to as a 'chameleon,' Rodríguez moves seemingly effortlessly and with vigor across the spectrum of cultural forms, styles, and tones. Her 'espectáculos' (as both spectacles and shows) challenge traditional classification, crossing with ease generic boundaries: from elite to popular to mass, from Greek tragedy to cabaret, from pre-Columbian indigenous to opera, from revue, sketch and 'carpa,' to performative acts within political projects. Humor, satire, linguistic play, and the body are constants in her productions. She seeks to render corporal and, thus, visible, the tensions between the discourses in operation on and through the individual and collective body. Rodriguez's energy is intense and her commitment non-negotiable, always interrogating the nature, site, and consequences of power and its representation. Liliana Felipe, one of Latin America's foremost singers and composers, was born in Argentina in the 1950s. She left for Mexico just before the outbreak of the 'Dirty War' (1976), but her sister and brother-in-law were both 'disappeared'--victims of the military dictatorship's criminal politics. Liliana's music has a wide following in Latin America. She continues to be a powerful presence in Argentina, working with human rights organizations--especially H.I.J.O.S. (the organization of the children of the disappeared). In Mexico, Liliana went to one of Jesusa Rodríguez's performances. Jesusa, catching a glimpse of Felipe in the audience, remembers saying to herself: 'I am going to die with that woman.' Since then, Liliana and Jesusa have created two performance spaces, El Cuervo and later El Hábito in Coyoacán, Mexico City, that they still run. They 'married' in February 2000. El Hábito (www.elhabito.com.mx) is a hotbed for intellectuals, feminists, gay rights activists and open-minded, progressive people who want to be engaged by a smart and critical humor. In this off-off space, and with the collaboration of their theater cooperative Las Divas, Jesusa y Liliana have produced hundreds of shows since the 1980s.
=540  \\$aThere are copyright restrictions on this collection. For more information, go to the online version of this video.
=600  10$aYourcenar, Marguerite.$tQui n'a pas son Minotaure.
=650  \0$aMinotaur (Greek mythology)
=600  00$aTheseus,$cKing of Athens.
=650  \0$aPhaedra (Greek mythology)
=650  \0$aAriadne (Greek mythology)
=650  \0$aConflict (Psychology)$vDrama.
=655  \7$aPerformance.$2nyu-hidvl
=655  \7$aTheater.$2nyu-hidvl
=655  \7$aExperimental theater.$2nyu-hidvl
=700  1\$aRodríguez, Jesusa.$4pro$4drt$4adp$4prf
=700  1\$aFelipe, Liliana.$4pro$4mus
=700  1\$aRodríguez, Marcela.$4mus
=700  1\$aGonzález, Paco.$4vdg
=700  1\$aYourcenar, Marguerite.$tQui n'a pas son Minotaure.
=710  2\$aDivas A.C.$4pro
=710  2\$aTV UNAM (Mexico City, Mexico)$4pro
=710  2\$aHemispheric Institute Digital Video Library.
=830  \0$aJesusa Rodríguez & Liliana Felipe : El Hábito collection.
=856  40$uhttp://hdl.handle.net/2333.1/vt4b8h4r

