=LDR  05209cgm a22005895a 4500
=001  000516353
=003  NNU
=004  NYUb13505361
=005  20080129141305.0
=006  m\\\\\\\\z\\\\\\\\
=007  vd\cvaizu
=007  vf\ciahou
=007  cr\cna
=007  cr\|||||||||||
=008  070613s199u\\\\pe\054\\\\\\\\\\\\vlspa\d
=024  7\$aHI2006_034_01$2nyu-hidvl
=024  7\$aHI2006.034_01$2nyu-hidvl
=035  \\$a(NYU)NYUb13505361
=040  \\$aNNU$cNNU$eamim
=043  \\$as-pe---
=245  00$aDemostración pedagógica de Ana Correa$h[videorecording].
=246  31$aAna Correa's pedagogical demonstration
=260  \\$c[199-?]
=300  \\$3master.$a1 videocassette of 1 (Digital Betacam) (54 min.) :$bsd., col. ;$c1/2 in.
=300  \\$3viewing copy.$a1 videodisc of 1 (DVD) (54 min.) :$bsd., col. ;$c4 3/4 in.
=490  1\$aYuyachkani collection
=530  \\$aAlso available online as streaming video.
=546  \\$aIn Spanish.
=500  \\$aTitle supplied by Hemispheric Institute.
=500  \\$aPart of the Hemispheric Institute Digital Video Library.
=534  \\$pMedia source original:$e1 videocassette of 1 (VHS) : sd., col. ; 1/2 in. SP.
=518  \\$aPerformed in Lima, Peru.
=508  \\$aGrupo Cultural Yuyachkani, producer.
=511  1\$aAna Correa, lecturer/performer ; Miguel Rubio, commentator.
=520  \\$aIn this video, Ana Correa (one of the founding and still active members of Peruvian theater ensemble Grupo Cultural Yuyachkani) demonstrates her acting technique to a group of students, complemented with further commentary by Yuyachkani's artistic director Miguel Rubio. Correa believes that the body is an actor's instrument; in this pedagogical demonstration she focuses on her body work and her work with objects in the development of a character. Among the diverse elements of body work, Correa shows: the importance of moving the body through space in different ways and at different speeds; the importance of feeling your weight in the space; and how to make musical 'phrases' with your body, and how to play with the timing of the phrase and manipulate it. The demonstration also includes an example of how the actress incorporates Tai-chi into her character development Tai chi being an important methodology for exploring and developing bodily expressivity for Yuyachkani. The lecture also includes mask work, as Ana shows how the mask takes on its own identity, how the masked character moves, and how it responds to various objects. Correa also discusses the balance between text work and body work. One of the elements of body work she demonstrates is dance, in particular the use of tap dance to learn how to play with timing. Ms. Correa goes over the creation of one of her characters, 'Po Po' the clown. Part of her methodology for creating this character included playing with musical instruments (in the case of 'Po Po', an accordion), not only as instruments per se but also as performing objects; special attention is paid to the exploration of how to express emotions with and through them. Peru's most important theater collective, Grupo Cultural Yuyachkani (www.yuyachkani.org) has been working since 1971 at the forefront of theatrical experimentation, political performance, and collective creation. 'Yuyachkani' is a Quechua word that means 'I am thinking, I am remembering'; under this name, the theater group has devoted itself to the collective exploration of embodied social memory, particularly in relation to questions of ethnicity, violence, and memory in Peru. The group is comprised of seven actors (Augusto Casafranca, Amiel Cayo, Ana Correa, Débora Correa, Rebeca Ralli, Teresa Ralli, and Julián Vargas), a technical designer (Fidel Melquíades), and an artistic director (Miguel Rubio), who have made a commitment to collective creation as a mode of theatrical production and to group theater as a life style. Their work has been among the most important in Latin America's so called 'New Popular Theater,' with a strong commitment to grass-roots community issues, mobilization, and advocacy. Yuyachkani won Peru's National Human Rights Award in 2000. Known for its creative embrace of both indigenous performance forms as well as cosmopolitan theatrical forms, Yuyachkani offers insight into Peruvian and Latin American theater, and to broader issues of postcolonial social aesthetics.
=540  \\$aThere are copyright restrictions on this collection. For more information, go to the online version of this video.
=650  \0$aTheater$zPeru.
=650  \0$aActing$xTechnique.
=650  \0$aWomen performance artists$zPeru.
=655  \7$aPedagogical demonstration.$2nyu-hidvl
=655  \7$aTheater.$2nyu-hidvl
=655  \7$aDemonstration.$2nyu-hidvl
=700  1\$aCorrea, Ana.$4prf$4spk
=700  1\$aRubio, Miguel.$4cmm
=710  2\$aGrupo Cultural Yuyachkani.$4pro
=710  2\$aHemispheric Institute Digital Video Library.
=830  \0$aYuyachkani collection.
=856  40$uhttp://hdl.handle.net/2333.1/mcvdnctz

