=LDR  03878cgm a2200469 a 4500
=001  003808916
=005  20150618165136.0
=006  m\\\\\\\\c\\\\\\\\
=007  cr\cna|||m|||a
=007  cr\|||||||||||
=008  130825s199u\\\\bo\009\\\\\\\\s\\\vlspa\d
=024  7\$aHI2012_028_01$2nyu-hidvl
=040  \\$aNNU$beng$cNNU
=041  0\$aspa
=043  \\$as-bo---
=245  00$aAcción 1$h[videorecording] /$cMujeres Creando, creator, director.
=260  \\$c[199-?]
=300  \\$3viewing copy.$astreaming video (8 min., 52 sec.) :$bsd., col.
=490  1\$aMujeres Creando (1er ciclo) collection
=546  \\$aIn Spanish.
=500  \\$aTitle supplied by Hemispheric Institute.
=500  \\$aPart of the Hemispheric Institute Digital Video Library.
=518  \\$aPerformed in La Paz, Bolivia, in the late 1990s.
=508  \\$aPatricia Rozeman, designer ; Rafael Venegas, videographer.
=511  1\$aNorma Merlo, performer.
=520  \\$aThis is a video documentation of an ‘acción’ performed in a public square in La Paz, Bolivia. Using a blood-colored liquid and the presence of young women, Mujeres Creando invites the passers-by to reflect upon the lives lost in the constant struggle for political power, and reminds them that women are one of the main victims of a political system that allows institutional gendered violence. Questioning the functionality of the President as representative of Bolivian people, this acción suggests that repression is not exclusive of dictatorships, and that democracy also exerts oppression through unequal gender politics. The intervention of the police in order to stop the acción illustrates how Mujeres Creando’s work brings together performance and activism.
=520  \\$aMujeres Creando is a feminist anarchist movement created in 1990 in La Paz, Bolivia. It is comprised of women of different cultural, social, and ethnic origins, and explores creativity as an instrument of resistance and social participation. The three women who founded this communitarian proposal (Maria Galindo, Julieta Paredes, and Monica Mendoza) worked together to recover the public space that the patriarchal system appropriated. In this sense, the group does not only struggle for women’s rights or issues that affect women, but also against other problems that affect society. The ways of expression of Mujeres Creando are graffiti, creativity, ongoing public debates, and acciones, along with a constant presence in the streets to reclaim a voice and participation in the public sphere. Since its beginnings, the group has been part of international gatherings, dialoguing with different feminist tendencies and thus being able to build its ideological identity within the autonomous feminism, in contrast and in connection with global struggles. In April 2001, due to ethical and political disagreements, there was a division in the group, which brought the necessity to differentiate names. In spite of this divergence, Maria Galindo continues working with Mujeres Creando in Bolivia.
=534  \\$pMedia source original:$e1 videocassette of 1 (VHS) : sd., col. ; 1/2 in. SP.$mSony T-120 EDE
=540  \\$aThere are copyright restrictions on this collection. For more information, go to the online version of this video.
=650  \0$aFeminism$zBolivia.
=650  \0$aWomen$zBolivia$xSocial conditions
=650  \0$aIndigenous women$zBolivia.
=650  \0$aSite-specific theater.
=651  \0$aBolivia$xPolitics and government
=655  \7$aPerformance.$2nyu-hidvl
=655  \7$aStreet intervention.$2nyu-hidvl
=655  \7$aAcción.$2nyu-hidvl
=710  2\$aMujeres Creando (Organization)$4cre$4drt
=710  2\$aHemispheric Institute Digital Video Library.
=830  \0$aMujeres Creando (1er ciclo) collection.
=856  40$uhttp://hdl.handle.net/2333.1/s1rn8rcb

