=LDR  04607ngm a2200601 a 4500
=001  003305394
=004  003305394
=005  20100221130451.0
=006  m\\\\\\\\z\\\\\\\\
=007  vd\cvaiz|
=007  cr\cna|||m|||a
=007  vd\cvaizu
=007  cr\|||||||||||
=008  100218s1990\\\\ck\016\\\\\\\\\\\\vlspa\d
=024  7\$aHI2009_004_01$2nyu-hidvl
=024  7\$aHI2009.004_01$2nyu-hidvl
=040  \\$aNNU$beng$cNNU
=041  0\$aspa
=043  \\$as-ck---
=079  \\$a(OCoLC)607278230
=245  00$aDe Mortibus, Réquiem para Samuel Beckett (fragmentos)$h[videorecording].
=260  \\$c1990.
=300  \\$3viewing copy.$a1 videodisc of 1 (DVD) (16 min.) :$bsd., col. ;$c4 3/4 in.
=490  1\$aMapa Teatro : Laboratorio de Artistas collection
=500  \\$aTitle supplied by Hemispheric Institute.
=546  \\$aIn Spanish.
=500  \\$aPart of the Hemispheric Institute Digital Video Library.
=518  \\$aPerformed in Bogotá, Colombia.
=508  \\$aMapa Teatro, creator, producer ; Heidi Abderhalden, Rolf Abderhalden, directors, set design, props, costume designers ; based on texts by Samuel Beckett ; Arvo Pärt, music ; Sergio Mesa, musical consultant ; Adriana Urrea, literary consultant ; Daniel Demont, lighting designer.
=511  0\$aHeidi Abderhalden, Rolf Abderhalden, Carlos Caicedo, Ramiro Sandoval, performers.
=520  \\$aVideo documentation of a fragment of Mapa Teatro's production 'De Mortibus, Réquiem para Beckett.' Between 1988 and 1990, Heidi and Rolf Abderhalden embarked on an in-depth research process on the literary works of Samuel Beckett. Three months before his death, Beckett gave his approval for this production, which premiered in Bogotá in 1990 to critical acclaim. In 'De Mortibus,' the walls are painted white, actors are dressed in gray and nobody speaks, as if it were a world of paralysis. Actors work in almost total silence, forming sculptures that embody emotional states such as sadness, rage, indifference, and uncertainty. Mapa Teatro's production assigns each gesture, object, color, position, sound, and word a specific intention: to communicate and produce sensations, to invite a reaction, and to provoke an experience by which the limits of communication are (re)established.
=520  \\$aOne of the foremost artistic companies in Colombia, Mapa Teatro (www.mapateatro.org) has been producing theater, performance and art installation projects since 1984. Founders and directors, Rolf and Heidi Abderhalden have created a wide ranging repertoire of theater, opera, mixed-media performance, and site-specific installation. Their work proposes richly textured visual metaphors in which they consider often complex psychological, social and political relationships. Committed to experimentation, and less interested in the actor as an 'agent of fiction,' they describe their project as 'a laboratory of social imagination,' that offers a space for presenting community issues and human concerns in media and performance. This combination of real-life situations and sites along with highly stylized aesthetic staging produces a tension between real action and (re)presentation. Mapa Teatro draws from live events captured on video such as the demolition of a neighborhood in Bogotá, ritual practice, and texts that explore the relationship of postmodern subjects, myth and metaphor. Mapa Teatro has performed by commissions, festivals and collaborative projects world-wide.
=530  \\$aAlso available online as streaming video.
=534  \\$pMedia source original:$e1 videocassette of 1 (VHS) : sd., col. ; 1/2 in. SP.$mSony T-120.
=540  \\$aThere are copyright restrictions on this collection. For more information, go to the online version of this video.
=600  10$aBeckett, Samuel,$d1906-1989.$tSelections$vAdaptations$vDrama.
=650  \0$aRequiems.
=650  \0$aTheater$zColombia$zBogotá.
=650  \0$aPerforming arts$zColombia$zBogotá.
=651  \0$aBogotá (Colombia)
=655  \7$aPerformance.$2nyu-hidvl
=655  \7$aTheater.$2nyu-hidvl
=655  \7$aExperimental theater.$2nyu-hidvl
=655  \7$aColombian theater.$2nyu-hidvl
=700  1\$aAbderhalden, Heidi.$4drt$4std$4cst$4prf
=700  1\$aAbderhalden, Rolf.$4drt$4std$4cst$4prf
=700  1\$aPärt, Arvo.$4msd
=710  2\$aMapa Teatro.$4cre$4pro
=710  2\$aHemispheric Institute Digital Video Library.
=830  \0$aMapa Teatro : Laboratorio de Artistas collection.
=856  40$uhttp://hdl.handle.net/2333.1/pvmcvf8q

