=LDR  05127cgm a22006615a 4500
=001  000511973
=003  NNU
=004  NYUb13500425
=005  20090408133508.0
=006  m\\\\\\\\z\\\\\\\\
=007  vd\cvaizu
=007  vf\ciahou
=007  cr\cna
=007  cr\|||||||||||
=008  070529e19900831ck\063\\\\\\\\\\\\vlspa\d
=024  7\$aHI2006_135_01$2nyu-hidvl
=024  7\$aHI2006.135_01$2nyu-hidvl
=035  \\$a(NYU)NYUb13500425
=040  \\$aNNU$cNNU$eamim
=041  0\$aspa
=043  \\$as-ck---$af------
=245  03$aEl maravilloso viaje de la mentira y la verdad$h[videorecording].
=260  \\$c1990 Aug. 31.
=300  \\$3master.$a1 videocassette of 1 (Digital Betacam) (63 min.) :$bsd., col. ;$c1/2 in.
=300  \\$3viewing copy.$a1 videodisc of 1 (DVD) (63 min.) :$bsd., col. ;$c4 3/4 in.
=490  1\$aTeatro Experimental de Cali (TEC) / Enrique Buenaventura collection
=530  \\$aAlso available online as streaming video.
=546  \\$aIn Spanish.
=500  \\$aTitle supplied by Hemispheric Institute.
=534  \\$pMedia source original:$e1 videocassette of 1 (VHS) : sd., col. ; 1/2 in. SP.$mSony T-120.
=518  \\$aPerformed in Cali, Colombia, on Aug. 31, 1990.
=508  \\$aNicolás Buenaventura, Helios Fernández, Aida Fernández, writers ; Teatro Experimental de Cali, producer, videographer, set design, music ; based on 'The Black Decameron' by Leo Frobenius, 'Black Anthology' by Blaise Cendrars, and Margaret Mead's report on Sioux myths ; Pablo E. Garcés, lighting design ; Aida Fernández, Antonio Sanchez, costumes ; Jean Marie Binoche, masks ; María Eugenia González, props ; Pedro Rey, Jorge Lara, photographers.
=511  1\$aJacqueline Vidal, Enrique Buenaventura, Aida Fernández, Otoniel Romero, Gilberto Ramírez, Jaime Cabal, Hilda Ruiz, Jesús Mina, Aicardo Bonilla, Gladys Garcés, Nicolás Buenaventura, Enrique Buenaventura (introducer).
=520  \\$aTwo old drunk, crazy witches - Verdad (Truth) and Mentira (Lie) - are condemned to wander around the world. They journey through a universe of myths and legends as ancient and contemporary as humanity. They visit the deserted and arid Village of the Hungry, the colorful Diulas Plane, the dense night of Bereber bandits, and the large desert of the Maasai. The whole trip works as an educating experience. Eventually, Truth and Lie go back to the place they left; thanks to their travel experiences, they have grown up and changed. The play is based on the anthologies of African myths and tales gathered by Leo Frobenius and Blaise Cendrars: 'The Black Decameron' and 'Black Anthology'. Black Africans constitute one of the ethnic groups of Colombia and TEC has always tried to rescue, redeem and celebrate the diverse roots of Colombian national identity. Teatro Experimental de Cali (TEC) is a collective of artists committed to the exploration and creation of new languages for Latin American theater. Founded in Colombia in 1955 by Enrique Buenaventura and a group of students at the Instituto Departamental de Bellas Artes, TEC has had a long and fruitful trajectory; their artistic and theoretical work has revolutionized the way that theater is conceived and practiced in Latin America. A key contribution to the field is their method of 'creación colectiva' ('collective creation'), in which all the participants of the play - including the audience - become involved with the dramatic text and its staging. In spite of this stress on collective work, TEC had in Enrique Buenaventura its main poet and playwright, who developed most of TEC's texts and directed the majority of their plays. While TEC's works address various historical and social issues, artistic quality is not sacrificed for the sake of political radicalism. TEC has thus created a theater that is politically and culturally engaged, poetic and innovative without losing its popular appeal.
=540  \\$aThere are copyright restrictions on this collection. For more information, go to the online version of this video.
=650  \0$aTheater$zColombia.
=650  \0$aFolklore$zAfrica.
=650  \0$aBlacks$zColombia.
=653  \\$aAfrican folklore
=653  \\$aCreación colectiva
=655  \7$aPerformance.$2nyu-hidvl
=655  \7$aTheater.$2nyu-hidvl
=655  \7$aCollective creation.$2nyu-hidvl
=700  1\$aBuenaventura, Nicolás.$4aut$4prf
=700  1\$aFernández, Helios.$4aut
=700  1\$aFernández, Aida.$4aut$4prf
=700  1\$aBuenaventura, Enrique.$4prf
=700  1\$aCendrars, Blaise,$d1887-1961$tAnthologie nègre.$4org
=700  1\$aFrobenius, Leo,$d1873-1938$tSchwarze Dekameron.$4org
=700  1\$aMead, Margaret,$d1901-1978.$4org
=710  2\$aTeatro Experimental de Cali.$4pro$4std$4mus$4vdg
=710  2\$aHemispheric Institute Digital Video Library.
=830  \0$aTeatro Experimental de Cali (TEC) / Enrique Buenaventura collection
=856  40$uhttp://hdl.handle.net/2333.1/ksn02vg1

