=LDR  05825cgm  2200721 a 4500
=001  000549815
=003  NNU
=004  NYUb13541678
=005  20080410180623.0
=006  m\\\\\\\\z\\\\\\\\
=007  vd\cvaizu
=007  vf\ciahou
=007  cr\cna
=007  cr\|||||||||||
=008  071004e199001uuxx\059\\\\\\\\\\\\vleng\d
=024  7\$aHI2007_193_01$2nyu-hidvl
=024  7\$aHI2007.193_01$2nyu-hidvl
=035  \\$a(NYU)NYUb13541678
=040  \\$aNNU$cNNU$eamim
=041  0\$aeng$aspa
=245  00$aVoces de acero$h[videorecording] =$bVoices of steel.
=246  31$aVoices of steel
=260  \\$c1990 Jan.
=300  \\$a1 videocassette of 1 (Digital Betacam) (59 min.) :$bsd., col. ;$c1/2 in.$3master.
=300  \\$a1 videodisc of 1 (DVD) (59 min.) :$bsd., col. ;$c4 3/4 in.$3viewing copy.
=490  1\$aTeatro Pregones collection
=530  \\$aAlso available online as streaming video.
=546  \\$aIn English and Spanish.
=500  \\$aTitle supplied by Hemispheric Institute.
=500  \\$aPart of the Hemispheric Institute Digital Video Library.
=534  \\$pMedia source original:$e1 videocassette of 1 (VHS) : sd., col. ; 1/2 in. SP.$mTDK T-120 HDX.
=518  \\$aPerformed in New York City, in Jan. 1990.
=508  \\$aPregones Theater, producer, collective creation, music ; Alvan Colón Lespier, director ; Bertolt Brecht, Alvan Colón-Lespier, Dianilú Cora, Julius Fusik, Hugo Margenat, René Marqués, Rosalba Rolón, text and poems ; Jorge B. Merced, Alvan Colón Lespier, sets ; Rosalba Rolón, Fanny Hunter, Tomasita Rivera, costumes.
=511  1\$aSandra Berríos (Vilma), José Joaquín García (Samuel), Jorge B. Merced (Ángel), Judith Rivera (Evangelina), Rosalba Rolón (Marta) ; Jaime Acosta (musician), Ricardo Pons (musician), Cesar Rodríguez (musician), Ibrahim González (musician).
=520  \\$a'Voces de Acero' is a collective creation incorporating movement, theater, poetry and music about the will to survive in a world of uniform color, uniform smell and uniform lighting. When the play was created (1990) there were more than 150 political activists connected to Left-wing movements, serving sentences in federal prisons throughout the United States. Alejandrina Torres, a Puerto Rican independence activist accused of seditious conspiracy, tried and sentenced to 35 years, was one of the 4 women designated to serve time in the Lexington Control Unit - a 100 foot long block with 16 cells, completely self-contained and classified as a High Security Unit (HSU). The Lexington HSU signified the emergence of a new strategy in detention aimed at political transformation via isolation, extensive surveillance, and sensory deprivation. The characters in the play are inspired by Torres and the other 21 Puerto Rican political prisoners in U.S. jails under similar circumstances. All characters are fictitious. The focus of the production is allegorical and not didactic. The design is stark and evocative of the isolation and timelessness imperative in the HSU. The work was the result of an extensive process of improvisation and experimentation. Founded in 1979 and based in The Bronx, New York City, Pregones Theater (http://www.pregones.org) has performed in more than 400 cities and 13 countries. The company enjoys citywide recognition for their lasting contributions to the performing arts field and are recipients of numerous distinctions including current Leading National Ensemble Theatre Designation from the Doris Duke Charitable Foundation and the Andrew W. Mellon Foundation, Primary Cultural Institution Designation from the New York State Council on the Arts, the New York State Governor's Arts Award, the Culture & Humanities Award from the Center for Puerto Rican Studies, numerous artist and production awards, as well as invitations to appear at international festivals and events. Over the years Pregones has developed a style that combines theater, music and movement, oral and written traditions, and a signature urban sensibility. The ensemble draws from popular Puerto Rican artistic expressions and literature to create and stage its work. Today, Pregones has grown to be one of the leading Puerto Rican/Latino theater theaters in the United States. From migrations to indigenous mythologies to subway stories, the company's repertoire covers a growing sample of Latino experiences and identities.
=540  \\$aThere are copyright restrictions on this collection. For more information, go to the online version of this video.
=600  10$aTorres, Alejandrina.
=650  \0$aTheater$zPuerto Rico.
=650  \0$aPrisons$zUnited States.
=650  \0$aPolitical prisoners$zUnited States.
=650  \0$aPolitical activists$zPuerto Rico.
=650  \0$aNationalists$zPuerto Rico.
=650  \0$aPuerto Ricans$zUnited States$xPolitical activity.
=651  \0$aPuerto Rico$xPolitics and government$y1952-1998.
=651  \0$aPuerto Rico$xHistory$xAutonomy and independence movements.
=650  \0$aNational liberation movements$zPuerto Rico.
=653  \\$aLexington Control Unit
=653  \\$aLexington High Security Unit
=655  \7$aPerformance.$2nyu-hidvl
=655  \7$aTheater.$2nyu-hidvl
=655  \7$aLatino theater.$2nyu-hidvl
=655  \7$aBoricua theater.$2nyu-hidvl
=655  \7$aPuerto Rican theater.$2nyu-hidvl
=655  \7$aBilingual theater.$2nyu-hidvl
=700  1\$aColón Lespier, Alvan.$4drt
=710  2\$aPregones Theatre (New York, N.Y.)$4pro$4cre$4mus
=710  2\$aHemispheric Institute Digital Video Library.
=830  \0$aTeatro Pregones collection.
=856  40$uhttp://hdl.handle.net/2333.1/6hdr7t0p

