=LDR  04784cgm  2200673 a 4500
=001  000549818
=003  NNU
=004  NYUb13541681
=005  20080414111119.0
=006  m\\\\\\\\z\\\\\\\\
=007  vd\cvaizu
=007  vf\ciahou
=007  cr\cna
=007  cr\|||||||||||
=008  071004e199012uuxx\030\\\\\\\\\\\\vleng\d
=024  7\$aHI2007_194_01$2nyu-hidvl
=024  7\$aHI2007.194_01$2nyu-hidvl
=035  \\$a(NYU)NYUb13541681
=040  \\$aNNU$cNNU$eamim
=041  0\$aeng$aspa
=245  04$aThe embrace$h[videorecording] =$bEl Abrazo.
=246  31$aAbrazo
=260  \\$c1990 Dec.
=300  \\$a1 videocassette of 1 (Digital Betacam) (30 min.) :$bsd., col. ;$c1/2 in.$3master.
=300  \\$a1 videodisc of 1 (DVD) (30 min.) :$bsd., col. ;$c4 3/4 in.$3viewing copy.
=490  1\$aTeatro Pregones collection
=530  \\$aAlso available online as streaming video.
=546  \\$aIn English and Spanish.
=500  \\$aTitle supplied by Hemispheric Institute.
=500  \\$aPart of the Hemispheric Institute Digital Video Library.
=534  \\$pMedia source original:$e1 videocassette of 1 (VHS) : sd., col. ; 1/2 in. SP.$mT-30 USM
=518  \\$aPerformed in New York City in Dec. 1990.
=508  \\$aPregones Theater, producer, collective creation, sets & costumes ; Alvan Colón Lespier, Jorge B. Merced, Rosalba Rolón, directors ; Diana Coryat, video.
=511  1\$aAlvan Colón Lespier, Dianilú Cora, Jorge B. Merced, Rosalba Rolón, Judith Rivera, José Joaquín García ; Magali Jiménez (health educator).
=520  \\$a'The Embrace' deals, in a very different way, with the effects produced by AIDS in the Latino community and focuses on the importance of taking active participation in the presented scenes and suggesting changes through action. The production grew out of Pregones' work with Brazilian Augusto Boal, particularly as an adaptation of his Forum Theater techniques. The production toured over 100 community sites in East Harlem & The Bronx in New York, and in New Jersey, Connecticut and Massachusetts. The presentations were designed to promote direct audience participation in order to heighten awareness and develop sensitivity to persons with AIDS and their families. A health counselor always traveled with the production to answer audience questions and to offer information on HIV transmission and adoption of AIDS risk-reduction behavior. Founded in 1979 and based in The Bronx, New York City, Pregones Theater (http://www.pregones.org) has performed in more than 400 cities and 13 countries. The company enjoys citywide recognition for their lasting contributions to the performing arts field and are recipients of numerous distinctions including current Leading National Ensemble Theatre Designation from the Doris Duke Charitable Foundation and the Andrew W. Mellon Foundation, Primary Cultural Institution Designation from the New York State Council on the Arts, the New York State Governor's Arts Award, the Culture & Humanities Award from the Center for Puerto Rican Studies, numerous artist and production awards, as well as invitations to appear at international festivals and events. Over the years Pregones has developed a style that combines theater, music and movement, oral and written traditions, and a signature urban sensibility. The ensemble draws from popular Puerto Rican artistic expressions and literature to create and stage its work. Today, Pregones has grown to be one of the leading Puerto Rican/Latino theater theaters in the United States. From migrations to indigenous mythologies to subway stories, the company's repertoire covers a growing sample of Latino experiences and identities.
=540  \\$aThere are copyright restrictions on this collection. For more information, go to the online version of this video.
=600  10$aBoal, Augusto.
=650  \0$aTheater$zPuerto Rico.
=650  \0$aAIDS (Disease)
=653  \\$aLatino
=653  \\$aAIDS awareness
=653  \\$aForum theater
=655  \7$aPerformance.$2nyu-hidvl
=655  \7$aTheater.$2nyu-hidvl
=655  \7$aLatino theater.$2nyu-hidvl
=655  \7$aPuerto Rican theater.$2nyu-hidvl
=655  \7$aForum theater.$2nyu-hidvl
=655  \7$aBilingual theater.$2nyu-hidvl
=700  1\$aColón Lespier, Alvan.$4drt$4prf
=700  1\$aMerced, Jorge B.$4drt$4prf
=700  1\$aRolón, Rosalba.$4drt$4prf
=710  2\$aPregones Theatre (New York, N.Y.)$4pro$4cre$4std$4cst
=710  2\$aHemispheric Institute Digital Video Library.
=830  \0$aTeatro Pregones collection.
=856  40$uhttp://hdl.handle.net/2333.1/2rbnzsfz

