=LDR  05133cgm a2200685 a 4500
=001  000563385
=003  NNU
=004  NYUb13556411
=005  20080509173028.0
=006  m\\\\\\\\z\\\\\\\\
=007  vd\cvaizu
=007  vf\ciahou
=007  cr\cna
=007  \\vd
=007  cr\|||||||||||
=008  071120s1990\\\\nyu050\\\\\\\\\\\\vleng\d
=024  7\$aHI2005_037_01$2nyu-hidvl
=024  7\$aHI2005.037_01$2nyu-hidvl
=035  \\$a(NYU)NYUb13556411
=040  \\$aNNU$cNNU$eamim
=043  \\$an-us---
=245  00$aSkin, stone, positive$h[videorecording].
=246  3\$aOff the Beaten Path :$bSkin, stone, positive
=260  \\$c1990.
=300  \\$3master.$a1 videocassette of 1 (Digital Betacam) (50 min.) :$bsd., col. ;$c1/2 in.
=300  \\$3viewing copy.$a1 videodisc of 1 (DVD) (50 min.) :$bsd., col. ;$c4 3/4 in.
=490  1\$aAmerican Indian Community House collection
=530  \\$aAlso available online as streaming video.
=500  \\$aTitle supplied by Hemispheric Institute.
=500  \\$aPart of the Hemispheric Institute Digital Video Library.
=534  \\$pMedia source original:$e1 videocassette of 1 (VHS) : sd., col. ; 1/2 in.
=518  \\$aPerformed at The American Indian Community House, New York City, in 1990.
=508  \\$aAmerican Indian Community House, producer ; Off the Beaten Path (Native theater ensemble), producer, creator.
=511  1\$aGloria Miguel (Kuna/Rappahannock), Muriel Miguel (Kuna/Rappahannock), Louis Mofsie (Hopi/Winnebago), Nic Billey (Choctaw/Creek), Elvira Colorado (Otomi/Chichimec), Hortencia Colorado (Otomi).
=520  \\$a'Skin, Stone, Positive', created by Off the Beaten Path, presents historical and contemporary Native American creation and survival tales. The piece was inspired by Native peoples attempts to get their ancestor's remains 'repatriated' from Institutional collections located throughout the country and reports on the close to 25,000 human remains that were studied and stored in the American Museum of Natural History in New York City. The Native American Graves and Protection Act, which protects existing burial grounds and provides for the repatriation of remains and funerary objects from collections in museums and universities to their proper cultural homes was not signed into law until 1990. Off the Beaten Path was an ensemble of American Indian actors that was formed in 1984 to promote Native American Theater. They produced both traditional and contemporary works by Native American playwrights. The Theater troupe disbanded in the 1990's so the artists could pursue individual projects. The American Indian Community House (AICH) is an urban Indian center that services the needs of the Native people living in New York City and welcomes Native visitors to the city. AICH was founded in 1969 and has become a de facto 'neighborhood' serving as a meeting place for the diverse Native community of the New York City area. The Community House offers a variety of services ranging from substance abuse and HIV counseling, to career assistance. It is also home to the only Indian owned and operated art gallery in New York City. The AICH's Performing Arts Department has become an important resource for Native visual and performance artists. Through its programming, performance has become an important educational vehicle, both for the Native and non-Native NY community. The Badger's Corner, initiated in the 1980's, is an education-via-entertainment vehicle for the AICHs visual and performing arts department programs. Taking its name from the Pueblo legend of the four-legged creature who led the Pueblo people out of the underworld after the great flood, the intent of its programming is to inform and challenge people to rethink their concept(s) of Native American people and customs. All performances at AICH are presented under the auspices of the Badger's Corner.
=540  \\$aThere are copyright restrictions on this collection. For more information, go to the online version of this video.
=650  \0$aHuman remains (Archaeology)$xRepatriation$zUnited States.
=650  \0$aIndian theater.
=653  \\$aNative American performance
=653  \\$aAmerican Indian theater
=655  \7$aPerformance.$2nyu-hidvl
=655  \7$aTheater.$2nyu-hidvl
=655  \7$aAmerican Indian theater.$2nyu-hidvl
=655  \7$aNative performance.$2nyu-hidvl
=655  \7$aPolitical performance.$2nyu-hidvl
=700  1\$aMiguel, Gloria.$4prf
=700  1\$aMiguel, Muriel.$4prf
=700  1\$aMofsie, Louis.$4prf
=700  1\$aBilley, Nic.$4prf
=700  1\$aColorado, Elvira.$4prf
=700  1\$aColorado, Hortencia.$4prf
=710  2\$aOff the Beaten Path (Theater group)$4pro$4cre
=710  2\$aAmerican Indian Community House (New York, N.Y.)$4pro
=710  2\$aHemispheric Institute Digital Video Library.
=830  \0$aAmerican Indian Community House collection.
=856  40$uhttp://hdl.handle.net/2333.1/zpc8676h

