=LDR  05265cgm a22007215a 4500
=001  000509628
=003  NNU
=004  NYUb13497864
=005  20080229183214.0
=006  m\\\\\\\\z\\\\\\\\
=007  vd\cvaizu
=007  vf\ciahou
=007  cr\cna
=007  cr\|||||||||||
=008  070517e19900928nyu086\\\\\\\\\\\\vleng\d
=024  7\$aHI2006_109_01$2nyu-hidvl
=024  7\$aHI2006.109_01$2nyu-hidvl
=040  \\$aNNU$cNNU$eamim
=043  \\$an-us---$an-us-ny
=245  00$aSpies r us$h[videorecording].
=246  3\$aPerformance Space 122 presents :$bCircus Amok in Spies r us
=246  3\$aP.S. 122 presents :$bCircus Amok in Spies r us
=260  \\$c1990 Sept. 28.
=300  \\$3master.$a1 videocassette of 1 (Digital Betacam) (86 min.) :$bsd., col. ;$c1/2 in.
=300  \\$3viewing copy.$a1 videodisc of 1 (DVD) (86 min.) :$bsd., col. ;$c4 3/4 in.
=490  1\$aCircus Amok collection
=530  \\$aAlso available online as streaming video.
=500  \\$aTitle supplied by Hemispheric Institute.
=500  \\$aPart of the Hemispheric Institute Digital Video Library.
=534  \\$pMedia source original:$e1 videocassette of 1 (Mini DV) : sd., col. ; 1/2 in.SP.$mTDK T-120 HDX.
=518  \\$aPerformed at P.S. 122, New York City, on Sept. 28, 1990.
=508  \\$aCircus Amok, producer ; conceived and directed by Jennifer Miller ; Billy Swindler, musical director ; Dominique Dibbell, Sara Schulman, Rick Murray, writers ; recorded by Character Generators ; Arthur Armijo, videographer ; Leslie Weinberg, set, costumes, and puppet design ; Scott Heron, Jennifer Green, designers ; David Ferri, lighting design ; Robert Bresnick, research and consulting ; Jennifer Monson, giraffe choreography ; Leslie Weinberg, Kathy Danger, Sarah Germain, puppeteers ; Theresa Carr, ring construction ; Linda Austin, Quinn, follow-spot operators.
=511  1\$aJennifer Miller, Jennifer Green, Sarah Johnson, Rick Murray, Dominique Dibbell, Clarinda Mac Low, Tanya Balsley, Scott Heron, Sarah Germain, Billy Swindler (musician), Marc Dale (musician), Evan Gallagher (musician), L. J. Slavin (musician), Ralph Denzer (musician) ; Dee Dee Dorvillier, Karl Proksch, roustabouts.
=520  \\$aPerformed at renowned NYC performance venue P.S. 122, 'Spies R Us' is Circus Amok's second show. Through a carnivalesque 'film noir' aesthetic, the piece poses a satiric critique of US foreign (and homeland security) policy, in a joyful extravaganza of acrobatic artistry, satiric skill, and good old-fashioned circus fun. The overarching theme of espionage points to conflicting relationships between 'special agents' of government agencies like the Central Intelligence Agency (CIA) and issues of distortion and disinformation, imperialism, bigotry, violence, paranoia and political impunity. The play is an open call to be informed of current events and to defend and empower civic activism in the face of governmental conflictive agendas. Circus Amok (www.circusamok.org) is a New York City based circus-theater company whose mission is to provide free public art addressing contemporary issues of social justice to the people of New York City. Directed and founded by Jennifer Miller, the group has been together since 1989 bringing its funny, queer, caustic and sexy, political one-ring spectacles to diverse neighborhoods throughout the city. Over the years the traditional circus skills - tight rope walking, juggling, acrobatics, stilt walking, clowning - have been combined with experimental dance, lifesize puppetry, music old and new, and gender-bending performance art and improvisational techniques, creating new meanings for circus while continuing to entertain the crowds of all ages throughout the city streets, gardens, parks, and playgrounds, inviting the audience to join them in envisioning a more empowered life of community interaction while enjoying a queer celebratory spectacle.
=540  \\$aThere are copyright restrictions on this collection. For more information, go to the online version of this video.
=650  \0$aCircus$zNew York (State)$zNew York.
=650  \0$aStreet theater$zNew York (State)$zNew York.
=650  \0$aGay theater$zNew York (State)$zNew York.
=650  \0$aNational security$zUnited States.
=650  \0$aInternational relations$zUnited States.
=653  \\$aHomeland security
=653  \\$aForeign policy
=653  \\$aPolitical performance
=653  \\$aQueer performance
=655  \7$aPerformance.$2nyu-hidvl
=655  \7$aTheater.$2nyu-hidvl
=655  \7$aCircus.$2nyu-hidvl
=655  \7$aPolitical performance.$2nyu-hidvl
=655  \7$aQueer performance.$2nyu-hidvl
=700  1\$aMiller, Jennifer,$d1961-$4drt$4cre$4prf
=700  1\$aSwindler, Billy.$4drt$4mus
=700  1\$aDibbell, Dominique.$4aut
=700  1\$aSchulman, Sara.$4aut
=700  1\$aMurray, Rick.$4aut
=710  2\$aCircus Amok.$4pro
=710  2\$aHemispheric Institute Digital Video Library.
=830  \0$aCircus Amok collection.
=856  40$uhttp://hdl.handle.net/2333.1/tht76hqh

