=LDR  07106cgm  2200745 a 4500
=001  000561785
=003  NNU
=004  NYUb13554642
=005  20140421141939.0
=006  m\\\\\\\\z\\\\\\\\
=007  vd\cvaizu
=007  vf\ciahou
=007  cr\cna
=007  \\vd
=007  cr\|||||||||||
=008  071115s1990\\\\nyu128\\\\\\\\\\\\vleng\d
=024  7\$aHI2005_027_A_01$2nyu-hidvl
=024  7\$aHI2005_027_B_01$2nyu-hidvl
=024  7\$aHI2005.027_01_A$2nyu-hidvl
=035  \\$a(NYU)NYUb13554642
=040  \\$aNNU$cNNU$eamim
=245  00$aFriends of Pura Fe benefit concert$h[videorecording]
=246  30$aPura Fe benefit concert
=246  3\$iTitle on DVD cover and title screen:$aBenefit for Purate [sic]
=260  \\$c1990.
=300  \\$a2 videocassettes of 2 (Digital Betacam) (128 min.) :$bsd., col. ;$c1/2 in.$3master.
=300  \\$a2 videodiscs of 2 (DVD) (128 min. : pt.A, 90 min. ; pt.B, 38 min.) :$bsd., col. ;$c4 3/4 in.$3viewing copy.
=490  1\$aAmerican Indian Community House collection
=530  \\$aAlso available online as streaming video.
=500  \\$aTitle supplied by Hemispheric Institute.
=500  \\$aPart of the Hemispheric Institute Digital Video Library.
=534  \\$pMedia source original:$e1 videocassette of 1 (VHS) : sd., col. ; 1/2 in.
=518  \\$aPerformed at The American Indian Community House, New York City, in 1990.
=508  \\$aAmerican Indian Community House; producer ; Pura Fe, creator ; Muriel Miguel, introducer.
=511  0\$aPura Fe, Margo Thunderbird, Rudy Martin, Raphael, Spiderwoman Theater, Jim Pepper, Murielle Borst, Kevin Tarrant, performers.
=520  \\$aFriends of Pura Fe Benefit concert was held to assist Pura Fe with her expenses after the singer was hospitalized in 1990. Benefit participants included Saxophonist Jim Pepper, (Creek/ Kaw), Matoka Little Eagle (formally of the womens a capella group Pura Fe), Muriel Borst, Kevin Tarrant (lead singer for the Silverclouds and a traditional singer and drummer), Spiderwoman Theater, Raphael, Rudy Martin (Public Relations Director of AICH) and Margo Thunderbird (Author). Pepper performs his best known song, Witchi Tai To, with Matoka Little Eagle, Muriel Borst, accompanied by Tarrant demonstrates the shawl dance, and Spiderwoman Theater performs excerpts from their autobiographical theater piece, Sun, Moon, and Feather. Pura Fe (Tuscarora), is a singer, composer, teacher, poet, dancer, and actress. She has studied with the American Ballet Theatre and Martha Graham, and has sung with the Mercer Ellington Orchestra. 
=520  \\$aFe is a founding member of Ulali, formerly known as Pura Fe, an a cappella Native women's trio that blends a variety of traditional and contemporary indigenous music of the Americas. Saxophonist Jim Pepper (b. 1941 - d. 1992) a Creek and Kaw Indian was an innovative jazz musician who made his mark in the United States and in Europe. His style was unique in that it fused Native American Church music and powwow music with the experimental jazz. His best know work, Pepper's Pow Wow, was released in 1971. Jim was a big influence on Muscogee poet Joy Harjo, and collaborated with the Native women's; a cappella group, Ulali. He was inducted into the Native American Music Awards Hall of Fame posthumously after his tragic death following his battle with lymphoid cancer. Jim is remembered for his contribution to both the Jazz scene and the Native music scene, and for expanding the perceptions and expectations of both genres.   
=520  \\$aThe Silvercloud singers were founded by Kevin Tarrant (Hopi/ Ho Chunk) and are an intertribal Native Drum group whose singers reside in the New York area. Spiderwoman Theater is the longest running Native women's theater troupe in the country. Comprised of three Kuna/ Rappahannock sisters from Brooklyn, New York, Lisa Mayo, Gloria Miguel, and Muriel Miguel, the group has travel all over the world giving performance, lectures, and workshops. Named after the weaver in the Hopi creation story the sisters storyweave their message in a variety of formats including poetry, dance, theater, and song. Rudy Martin (1951-1993), a Tewa/Navajo/Apache Indian from New Mexico was a talented lyricist, singer, and musician who was committed to educating the non-Indian public about Indians on and off the reservation. Martin worked as the public relations director for the American Indian Community House (AICH) in New York City.   
=520  \\$aHe also served as a character consultant for PBS's children's television series Shining Time Station and earned his master of Fine Arts degree from New York Universitys Tisch School of The Arts. The American Indian Community House (AICH) is an urban Indian center that services the needs of the Native people living in New York City and welcomes Native visitors to the city. AICH was founded in 1969 and has become a de facto neighborhood serving as a meeting place for the diverse Native community of the New York City area. The Community House offers a variety of services ranging from substance abuse and HIV counseling, to career assistance. It is also home to the only Indian owned and operated art gallery in New York City. The AICHs Performing Arts Department has become an important resource for Native visual and performance artists. Through its programming, performance has become an important educational vehicle, both for the Native and non-Native NY community.   
=520  \\$aThe Badger's Corner, initiated in the 1980s, is an education-via-entertainment vehicle for the AICHs visual and performing arts department programs. Taking its name from the Pueblo legend of the four-legged creature who led the Pueblo people out of the underworld after the great flood, the intent of its programming is to inform and challenge people to rethink their concept(s) of Native American people and customs. All performances at AICH are presented under the auspices of the Badgers Corner.  
=540  \\$aThere are copyright restrictions on this collection. For more information, go to the online version of this video.
=650  \0$aIndians of North America$vMusic.
=650  \0$aIndian musicians.
=650  \0$aIndians$vMusic.
=650  \0$aFolk music.
=655  \7$aPerformance.$2nyu-hidvl
=655  \7$aConcert.$2nyu-hidvl
=655  \7$aBenefit concert.$2nyu-hidvl
=655  \7$aAmerican Indian music.$2nyu-hidvl
=655  \7$aNative American performance.$2nyu-hidvl
=700  0\$aPura Fé.
=710  2\$aUlali (Musical group)
=710  2\$aSpiderwoman Theatre.
=710  2\$aAmerican Indian Community House (New York, N.Y.)$4pro
=710  2\$aHemispheric Institute Digital Video Library.
=830  \0$aAmerican Indian Community House collection.
=853  00$81$apt.
=863  50$81.1$aA$p31142046121508
=863  50$81.2$aB$p31142046121516
=856  40$uhttp://hdl.handle.net/2333.1/866t1g9v
=954  \\$81$aVolumes

