=LDR  04871cgm a2200697 a 4500
=001  000559999
=003  NNU
=004  NYUb13552795
=005  20140310105026.0
=006  m\\\\\\\\z\\\\\\\\
=007  vd\cvaizu
=007  vf\ciahou
=007  cr\cna
=007  cr\|||||||||||
=008  071113s1990\\\\pe\041\\\\\\\\\\\\vlspa\d
=024  7\$aHI2005_094_01$2nyu-hidvl
=024  7\$aHI2005.094_01$2nyu-hidvl
=040  \\$aNNU$cNNU$eamim
=043  \\$as-pe---
=245  00$aAdiós Ayacucho$h[videorecording]
=246  31$aFarewell Ayacucho
=246  33$aGood-bye Ayacucho
=260  \\$c1990.
=300  \\$3master.$a1 videocassette of 1 (Digital Betacam) (41 min.) :$bsd., col. ;$c1/2 in.
=300  \\$3viewing copy.$a1 videodisc of 1 (DVD) (41 min.) :$bsd., col. ;$c4 3/4 in.
=490  1\$aYuyachkani collection
=530  \\$aAlso available online as streaming video.
=546  \\$aIn Spanish.
=500  \\$aTitle supplied by Hemispheric Institute.
=500  \\$aPart of the Hemispheric Institute Digital Video Library.
=534  \\$pMedia source original:$e1 videocassette of 1 (Mini DV) : sd., col. ; 1/4 in. SP.$mSony DVM 60.
=518  \\$aPerformed in Lima, Peru, in 1990.
=508  \\$aMiguel Rubio, director, adaptation ; Grupo Cultural Yuyachkani, producer ; based on the eponymous story by Julio Ortega.
=511  0\$aAna Correa, musician.
=511  1\$aAugusto Casafranca.
=520  \\$aVideo documentation of Grupo Cultural Yuyachkanis theater piece Adiós Ayacucho (Farewell Ayacucho), adapted by Miguel Rubio Zapata from the eponymous tale by Peruvian writer Julio Ortega and performed by Augusto Casafranca with music by Ana Correa. Adiós Ayacucho tells the story of Alfonso Cánepa, a farmworker leader from the Southern Peruvian Andes, disappeared and killed during the 1980s, who returns from the netherworld and begins a journey to Lima, the capital city, looking for his bones so that he could rest in peace. Cánepa befriends a Qolla (a comic Andean dancer), who lends him his body and his voice so that he could tell his story. The play is performed around a platform that supports pieces of clothing, according to the Andean custom that lays them in wake, eight days after the death of a relative, as a final farewell ritual. 
=520  \\$aDuring the years of political terror of Perus Dirty War this ritual has been transformed as the only way to bid farewell to the souls of the departed when their bodies have been disappeared by the military. Perus most important theatre collective, Grupo Cultural Yuyachkani (www.yuyachkani.org) has been working since 1971 at the forefront of theatrical experimentation, political performance, and collective creation. Yuyachkani is a Quechua word that means I am thinking, I am remembering; under this name, the theatre group has devoted itself to the collective exploration of embodied social memory, particularly in relation to questions of ethnicity, violence, and memory in Peru.   
=520  \\$aThe group is comprised of seven actors (Augusto Casafranca, Amiel Cayo, Ana Correa, Débora Correa, Rebeca Ralli, Teresa Ralli, and Julián Vargas), a technical designer (Fidel Melquíades), and an artistic director (Miguel Rubio), who have made a commitment to collective creation as a mode of theatrical production and to group theater as a life style. Their work has been among the most important in Latin Americas so called New Popular Theater, with a strong commitment to grass-roots community issues, mobilization, and advocacy. Yuyachkani won Perus National Human Rights Award in 2000. Known for its creative embrace of both indigenous performance forms as well as cosmopolitan theatrical forms, Yuyachkani offers insight into Peruvian and Latin American theatre, and to broader issues of postcolonial social aesthetics.  
=540  \\$aThere are copyright restrictions on this collection. For more information, go to the online version of this video.
=650  \0$aDisappeared persons$zPeru.
=651  \0$aPeru$xHistory$y1980-
=650  \0$aTheater$zPeru.
=653  \\$aDirty War$aPeru
=653  \\$aDesaparecidos
=655  \7$aPerformance.$2nyu-hidvl
=655  \7$aTheater.$2nyu-hidvl
=655  \7$aPolitical theater.$2nyu-hidvl
=655  \7$aPeruvian theater.$2nyu-hidvl
=700  1\$aRubio, Miguel.$4drt$4adp
=700  1\$aCasafranca, Augusto.$4prf
=700  1\$aCorrea, Ana.$4mus
=700  1\$aOrtega, Julio,$d1942-$tAdiós Ayacucho.
=710  2\$aGrupo Cultural Yuyachkani.
=710  2\$aHemispheric Institute Digital Video Library.
=830  \0$aYuyachkani collection.
=856  40$uhttp://hdl.handle.net/2333.1/v41ns246

