=LDR  04557cgm a2200649 a 4500
=001  000560101
=003  NNU
=004  NYUb13552900
=005  20140310105005.0
=006  m\\\\\\\\z\\\\\\\\
=007  vd\cvaizu
=007  vf\ciahou
=007  cr\cna
=007  cr\|||||||||||
=008  071113s1990\\\\pe\065\\\\\\\\\\\\vlspa\d
=024  7\$aHI2005_096_01$2nyu-hidvl
=024  7\$aHI2005.096_01$2nyu-hidvl
=040  \\$aNNU$cNNU$eamim
=043  \\$as-pe---
=245  00$aNo me toquen ese valse$h[videorecording]
=246  31$aDon't play that waltz for me
=260  \\$c1990.
=300  \\$3master.$a1 videocassette of 1 (Digital Betacam) (65 min.) :$bsd., col. ;$c1/2 in.
=300  \\$3viewing copy.$a1 videodisc of 1 (DVD) (65 min.) :$bsd., col. ;$c4 3/4 in.
=490  1\$aYuyachkani collection
=530  \\$aAlso available online as streaming video.
=546  \\$aIn Spanish.
=500  \\$aTitle supplied by Hemispheric Institute.
=500  \\$aPart of the Hemispheric Institute Digital Video Library.
=534  \\$pMedia source original:$e1 videocassette of 1 (Betacam SP) : sd., col. ; 1/2 in. SP.$mSony Betacam SP BCT-90MLA.
=518  \\$aPerformed in Lima, Peru, in 1990.
=508  \\$aMiguel Rubio, director, co-creator ; Fidel Melquíades, technical director ; Grupo Cultural Yuyachkani, producer ; Rebeca Ralli, co-creator ; Julián Vargas, co-creator ; Felipe Herrera, sound ; Arturo Recuay, lights ; Jorge Ramírez, lights.
=511  1\$aRebeca Ralli, Julián Vargas.
=520  \\$aVideo documentation of theater piece No Me Toquen Ese Vals (Don't Play That Waltz for Me), created collectively by performers Rebeca Ralli and Julián Vargas, and director Miguel Rubio of Peruvian Grupo Cultural Yuyachkani. In this play, two dead nightclub performers return to their favorite club in Lima, which has become a city of unrelieved destruction. The performers, characters Abelardo and Amanda, try to recapture their act, their identities, their audience and a grip on life. Rising from the mists of death, or perhaps from hell, the performers--he amid racks of drums and cymbals and she in a wheelchair--try to recover speech, coordination, a sense of each other, passion, even sex, but they never quite connect. Perus most important theatre collective, Grupo Cultural Yuyachkani (www.yuyachkani.org) has been working since 1971 at the forefront of theatrical experimentation, political performance, and collective creation. 
=520  \\$aYuyachkani is a Quechua word that means I am thinking, I am remembering; under this name, the theatre group has devoted itself to the collective exploration of embodied social memory, particularly in relation to questions of ethnicity, violence, and memory in Peru. The group is comprised of seven actors (Augusto Casafranca, Amiel Cayo, Ana Correa, Débora Correa, Rebeca Ralli, Teresa Ralli, and Julián Vargas), a technical designer (Fidel Melquíades), and an artistic director (Miguel Rubio), who have made a commitment to collective creation as a mode of theatrical production and to group theater as a life style. Their work has been among the most important in Latin Americas so called New Popular Theater, with a strong commitment to grass-roots community issues, mobilization, and advocacy. Yuyachkani won Perus National Human Rights Award in 2000.   
=520  \\$aKnown for its creative embrace of both indigenous performance forms as well as cosmopolitan theatrical forms, Yuyachkani offers insight into Peruvian and Latin American theater, and to broader issues of postcolonial social aesthetics.  
=540  \\$aThere are copyright restrictions on this collection. For more information, go to the online version of this video.
=650  \0$aPolitical violence$zPeru.
=650  \0$aPeople with disabilities$zPeru.
=650  \0$aTheater$zPeru.
=655  \7$aPerformance.$2nyu-hidvl
=655  \7$aTheater.$2nyu-hidvl
=655  \7$aCabaret.$2nyu-hidvl
=655  \7$aPolitical erformance.$2nyu-hidvl
=655  \7$aPeruvian theater.$2nyu-hidvl
=700  1\$aRubio, Miguel.$4drt
=700  1\$aRalli, Rebeca.$4prf
=700  1\$aVargas, Julián.$4prf
=710  2\$aGrupo Cultural Yuyachkani.
=710  2\$aHemispheric Institute Digital Video Library.
=830  \0$aYuyachkani collection.
=856  40$uhttp://hdl.handle.net/2333.1/kkwh713n

