=LDR  04068cgm a2200601 a 4500
=001  000539742
=003  NNU
=004  NYUb13530858
=005  20090409123030.0
=006  m\\\\\\\\z\\\\\\\\
=007  vd\cvaizu
=007  vf\ciahou
=007  cr\cna
=007  cr\|||||||||||
=008  070830s1990\\\\cau019\\\\\\\\\\\\vleng\d
=024  7\$aHI2007_085_01$2nyu-hidvl
=024  7\$aHI2007.085_01$2nyu-hidvl
=035  \\$a(NYU)NYUb13530858
=040  \\$aNNU$cNNU$eamim
=245  04$aThe four roads$h[videorecording]
=260  \\$c1990.
=300  \\$3master.$a1 videocassette of 1 (Digital Betacam) (19 min.) :$bsd., col. ;$c1/2 in.
=300  \\$3viewing copy.$a1 videodisc of 1 (DVD) (19 min.) :$bsd., col. ;$c4 3/4 in.
=490  1\$aEl Teatro Campesino collection
=530  \\$aAlso available online as streaming video.
=500  \\$aTitle supplied by Hemispheric Institute.
=500  \\$aPart of the Hemispheric Institute Digital Video Library.
=534  \\$pMedia source original:$e1 videocassette of 1 (VHS) : sd., col. ; 1/2 in. SP.
=518  \\$aProduced in San Juan Bautista, California, in 1990.
=508  \\$aLuis Valdez, executive producer ; Phil Esparza , producer ; Marilyn Abad, director ; Roger Dawson, editor ; David Silva, music ; Joe Cardinalli, associate producer ; Tony Curiel, associate producer ; Lupe Valdez, associate producer ; Andres Guiterrez, ETC archivist ; Fritz Bettjer, video consultant, camera.
=511  1\$aEl Teatro Campesino.
=520  \\$aFounded in 1965 by Luis Valdez, El Teatro Campesino was initially the cultural wing of the United Farm Workers union in California's central valley. With a pointed political mission, ETC performed their actos in the fields, agitprop improvisations communicated eloquently with the workers, who could neither read nor write, but recognized themselves and their values in the actos. By 1970 ETC had gained an international reputation, with major contributions to Chicano culture in the U.S. and to the development and expansion of the boundaries of theater everywhere. Theirs is a popular theater rooted in the American streets, early California history, Mayan/Aztec mythology and Mexican folklore and spiritualism, all geared toward expression of social, political and cultural perceptions. Valdez believes in a total theaterone where an elevation of sensation is achieved through a trinity of music, dance and drama to stimulate a New American Audience, a celebration of cultural diversity. The Four Roads is a documentary celebrating El Teatro Campesinos 25th anniversary. A retrospective showcasing the groups broad spectrum of theater projects, it contains a rich array of archival footage and interviews. The documentary is organized by the Mayan myth of the Four Roadscentral to ETCs philosophy and aesthetichere presented as the four roads of creation: the Road of the Heart, the Road of the Body, the Road of the Mind, and the Road of the Soul. It is a fitting homage to the outstanding artistic contributions of El Teatro Campesino to Chicano culture and to popular theater around the world.
=540  \\$aThere are copyright restrictions on this collection. For more information, go to the online version of this video
=610  20$aTeatro Campesino (Organization)
=650  \0$aMexican American actors.
=653  \\$aPopular theater
=653  \\$aLatino theater
=653  \\$aChicano theater
=655  \7$aDocumentaries.$2aat
=655  \7$aPerformances (entertainment events).$2aat
=655  \7$aPerformance art.$2aat
=655  \7$aTheater (discipline).$2aat
=700  1\$aValdez, Luis.$4pro
=700  1\$aEsparza, Phil.$4pro
=700  1\$aAbad, Marilyn.$4drt
=710  2\$aTeatro Campesino (Organization)
=710  2\$aHemispheric Institute Digital Video Library.
=830  \3$aEl Teatro Campesino collection.
=856  40$uhttp://hdl.handle.net/2333.1/rr4xgxp7

