=LDR  04415ngm a2200589 a 4500
=001  003679655
=005  20130604112248.0
=006  m\\\\\\\\c\\\\\\\\
=007  cr\cna|||m|||a
=007  cr\|||||||||||
=008  121106e199003uunyu012\\\\\\\\s\\\vlspa\d
=024  7\$aHI2010_070_01$2nyu-hidvl
=040  \\$aNNU$beng$cNNU
=041  0\$aspa$aeng
=043  \\$anwpr---$an-us---
=245  00$aSui-(We)$h[videorecording] /$cViveca Vázquez, creator.
=246  3\$aSui-We
=260  \\$c1990 Mar.
=300  \\$3viewing copy.$a1 streaming video (11 min., 23 sec.) :$bsd., col.
=490  1\$aViveca Vázquez collection
=546  \\$aIncludes Spanish and English.
=500  \\$aTitle supplied by Hemispheric Institute.
=500  \\$aPart of the Hemispheric Institute Digital Video Library.
=518  \\$aPerformed at Performance Space 122 in New York City, in March 1990.
=508  \\$aViveca Vázquez, Sally Silvers, choreographers, sound mix designers ; David Ferri, lighting designer.
=511  0\$aViveca Vázquez, Sally Silvers, performers.
=520  \\$aVideo documentation of experimental dance performance ‘Sui-(We),’ created and choreographed by Viveca Vázquez and Sally Silvers, and performed in New York City’s Performance Space 122. Viveca Vázquez is a choreographer, dancer, and a professor of humanities and contemporary dance for actors at the University of Puerto Rico. She presented her first work with Pisotón, the first experimental dance group of Puerto Rico and, shortly after, Taller de Otra Cosa, of which she became the first director. Through the company she presented her choreographic work and produced events such as ‘Rompeforma’ a key festival in the development of the experimental dance and performance scene in Puerto Rico, which was co-produced with Puerto Rican choreographer based in the U.S. Merian Soto. Since 1984 she has produced and performed experimental dance works in the United States, Mexico, Venezuela and Argentina, among a great number of other places. As a teacher she has developed a pedagogical model based on body conscience and improvisation. Sally Silvers is a New York-based choreographer who has performed nationally and internationally in South Korea, Puerto Rico, Mexico, Europe, the American Dance Festival, and many other locations. As an artistic director, Sally Silvers has an on-going fascination with the poetic as well as the social meanings of movement.
=520  \\$a‘Sui-(We)’ is a collaborative creation that places on stage two feminine bodies struggling with their own corporeality. The piece questions pre-conceptions of what a feminine body is and how it moves, and in doing this it offers a rethinking of gender identities. Both bodies are in contact but disconnected at the same time, functioning as support and impulse to each other; this dialogue and counterpoint is continuous, given that while a body expands, the other contracts. This game between connection and disconnection mirrors a dislocation between movement, sound, and silence. In this manner, the performance presents bodies-in-between, which reassure their existence and their political significance only through a shared corporeality and collaborative movement.
=534  \\$pMedia source original:$e1 videocassette of 1 (VHS) : sd., col. ; 1/2 in. SP.$mTDK HD-X Pro.
=540  \\$aThere are copyright restrictions on this collection. For more information, go to the online version of this video.
=650  \0$aGender identity$vDrama.
=650  \0$aWomen$xIdentity$xPolitical aspects$vDrama.
=650  \0$aMovement (Acting)
=650  \0$aDance$xSocial aspects.
=650  \0$aFeminism and dance.
=650  \0$aChoreographers$zPuerto Rico.
=650  \0$aChoreographers$zUnited States.
=650  \0$aChoreographic collaboration.
=650  \0$aExperimental dance.
=653  \\$aBody politics.
=653  \\$aCollaborative creation.
=655  \7$aPerformance.$2nyu-hidvl
=655  \7$aDance.$2nyu-hidvl
=655  \7$aContemporary dance.$2nyu-hidvl
=655  \7$aExperimental dance.$2nyu-hidvl
=700  1\$aVázquez, Viveca.$4cre$4chr$4sds$4prf
=700  1\$aSilvers, Sally.$4chr$4sds$4prf
=700  1\$aFerri, David.$4lgd
=710  2\$aHemispheric Institute Digital Video Library.
=830  \0$aViveca Vázquez collection.
=856  40$uhttp://hdl.handle.net/2333.1/cvdncm78

