=LDR  05993ngm a2200781 a 4500
=001  003679657
=005  20130604112337.0
=006  m\\\\\\\\c\\\\\\\\
=007  cr\cna|||m|||a
=007  cr\|||||||||||
=008  121106e199009uupr\061\\\\\\\\s\\\vlspa\d
=024  7\$aHI2010_071_01$2nyu-hidvl
=040  \\$aNNU$beng$cNNU
=041  0\$aspa$aeng
=043  \\$anwpr---$an-us---
=245  00$aMalajuste-Piezas de Movimiento$h[videorecording] =$bMaladjustment-Movement Pieces /$cViveca Vázquez, creator, producer.
=246  31$aMaladjustment-Movement Pieces
=260  \\$c1990 Sept.
=300  \\$3viewing copy.$a1 streaming video (60 min., 40 sec.) :$bsd., col.
=490  1\$aViveca Vázquez collection
=546  \\$aIncludes Spanish and English.
=500  \\$aTitle supplied by Hemispheric Institute.
=500  \\$aPart of the Hemispheric Institute Digital Video Library.
=518  \\$aPerformed at the Anfiteatro Julia de Burgos Universidad de Puerto Rico, Recinto de Río Piedras, in September 1990.
=508  \\$aViveca Vázquez, choreographer ; Richard Colón, Rosa Orengo, videographers ; Norberto Aponte, editor.
=511  0\$aViveca Vázquez, Eduardo Alegría, Dorcas Román, performers.
=520  \\$aVideo documentation of Viveca Vázquez’ Puerto Rican experimental dance performance ‘Malajuste’ (Maladjustment). Viveca Vázquez is a choreographer, dancer, and a professor of humanities and contemporary dance for actors at the University of Puerto Rico. She presented her first work with Pisotón, the first experimental dance group of Puerto Rico and, shortly after, Taller de Otra Cosa, of which she became the first director. Through the company she presented her choreographic work and produced events such as ‘Rompeforma’ a key festival in the development of the experimental dance and performance scene in Puerto Rico, which was co-produced with Puerto Rican choreographer based in the U.S. Merian Soto. Since 1984 she has produced and performed experimental dance works in the United States, Mexico, Venezuela and Argentina, among a great number of other places. As a teacher she has developed a pedagogical model based on body conscience and improvisation.
=520  \\$a‘Malajuste’ is a Taller de Otra Cosa’s proposal, created as a collective collaboration with a group of young people to work on dance, and to develop a space of co-creation, exploration, and study. This performance includes four pieces: The first one, ‘Mast-urbana,’ plays with sexuality topics, and gender roles, in a society marked by taboo. The video insert explores topics such as sexuality, religion, masturbation, and guilt, and the relationship with the own body; the presence of this video also points out the role of visuality in our body self-perception. The second piece, ‘Mira y qué’ questions pre-concepts of what a masculine body might be, and subverts the relationship between the masculine and the feminine. The feminine ‘voice’ is also questioned through the resource of lip-synching. The third piece, ‘Nacedós’ contrasts quotidian movement vs. very oppressive sound. In this manner, the piece proposes one of the main concerns of this performance: how to ‘adjust’? How does the language of the body adjust to external inputs, like sound; and also to ‘constructed’ inputs, like gender roles, or visuality? Finally, the last piece, ‘Vieques no es un pescao’ is dedicated to Vieques Island and Puerto Rico, and their resistance against army tests by the US military. This island is referred as a zone of disaster; however, the question about which force is more harmful, the natural forces or the human forces -- with their political and economical greed -- remains open. With this last part, the idea of “adjustment” involves a political turn and a component of social concern that includes Puerto Rico in the reflection presented on stage.
=534  \\$pMedia source original:$e1 videocassette of 1 (VHS) : sd., col. ; 1/2 in. SP.$mMaxell P/I Plus T90.
=540  \\$aThere are copyright restrictions on this collection. For more information, go to the online version of this video.
=650  \0$aSex in dance.
=650  \0$aMasturbation$xReligious aspects$vDrama.
=650  \0$aSex role$vDrama.
=650  \0$aGender expression$vDrama.
=650  \0$aGender identity$xPolitical aspects$vDrama.
=650  \0$aSelf-perception$vDrama.
=650  \0$aMen$xIdentity$vDrama.
=650  \0$aMasculinity$vDrama.
=650  \0$aFemininity$vDrama.
=650  \0$aBody language$vDrama.
=650  \0$aSound$xPhysiological effect$vDrama.
=650  \0$aHuman beings$xEffect of sound on$vDrama.
=650  \0$aProtest movements$zPuerto Rico$zVieques Island$vDrama.
=650  \0$aNaval maneuvers$zPuerto Rico$zVieques Island$vDrama.
=650  \0$aOrdnance testing$zPuerto Rico$zVieques Island$vDrama.
=650  \0$aCivil-military relations$zPuerto Rico$zVieques Island$vDrama.
=650  \0$aGovernment, Resistance to$zPuerto Rico$zVieques Island$vDrama.
=651  \0$aVieques Island (P.R.)$xPolitics and government$vDrama.
=651  \0$aUnited States$xMilitary relations$zPuerto Rico$vDrama.
=651  \0$aPuerto Rico$xMilitary relations$zUnited States$vDrama.
=650  \0$aExperimental theater$zPuerto Rico.
=650  \0$aExperimental dance$zPuerto Rico.
=655  \7$aPerformance.$2nyu-hidvl
=655  \7$aDance.$2nyu-hidvl
=655  \7$aContemporary dance.$2nyu-hidvl
=655  \7$aExperimental dance.$2nyu-hidvl
=700  1\$aVázquez, Viveca.$4cre$4pro$4chr$4prf
=700  1\$aAlegria, Eduardo.$4prf
=700  1\$aRoman, Dorcas.$4prf
=710  2\$aHemispheric Institute Digital Video Library.
=740  02$aMast-urbana.
=740  02$aMasturbana.
=740  02$aMira y qué.
=740  02$aNacedós.
=740  02$aVieques no es un pescao.
=830  \0$aViveca Vázquez collection.
=856  40$uhttp://hdl.handle.net/2333.1/866t1hf1

