=LDR  03721cgm a2200553 a 4500
=001  000539395
=003  NNU
=004  NYUb13530496
=005  20071210173431.0
=006  m\\\\\\\\z\\\\\\\\
=007  vd\cvaizu
=007  vf\ciahou
=007  cr\cna
=007  cr\|||||||||||
=008  070828e199002uunyu070\\\\\\\\\\\\vleng\d
=024  7\$aHI2007_056_01$2nyu-hidvl
=024  7\$aHI2007.056_01$2nyu-hidvl
=040  \\$aNNU$cNNU$eamim
=245  04$aThe anniversary waltz$h[videorecording]
=260  \\$c1990 Feb.
=300  \\$3master.$a1 videocassette of 1 (Digital Betacam) (70 min.) :$bsd., col. ;$c1/2 in.
=300  \\$3viewing copy.$a1 videodisc of 1 (DVD) (70 min.) :$bsd., col. ;$c4 3/4 in.
=490  1\$aSplit Britches video collection
=530  \\$aAlso available online as streaming video.
=500  \\$aTitle supplied by Hemispheric Institute.
=500  \\$aPart of the Hemispheric Institute Digital Video Library.
=534  \\$pMedia source original:$e1 videocassette of 1 (VHS) : sd., col. ; 1/2 in. SP.$mT-120.
=518  \\$aPerformed at La Mama, New York City, in Feb. 1990.
=508  \\$aSplit Britches, producer; Lois Weaver, director, writer; Peggy Shaw, writer.
=511  1\$aLois Weaver, Peggy Shaw.
=520  \\$aSince 1981, the Split Britches Company (founded by Lois Weaver, Peggy Shaw, and Deb Margolin, www.splitbritches.com) has written and performed in trio, duet, and solo, as well as collaborated and performed with other artists. They describe their work in this way: 'Our work is rooted in popular culture, but positioned against it. It relies on moments rather than plot, relationships rather than story. It depends on the surprise of transformation rather than the logic of psychological narrative. It straddles the line between performance and theater, exploiting theatricality while exposing the pretense. It is about a community of outsiders, queers, eccentrics. It is feminist because it encourages the imaginative potential in everyone and lesbian because it takes the presence of lesbian on stage as a given.' Their vaudevillian satirical gender-bending performances have received numerous awards, including a Jane Chamber award and four Village Voice OBIE awards. Their collection of scripts, Split Britches Feminist Performance/Lesbian Practice, edited by Sue Ellen Case, won the 1997 Lambda Literary Award for Drama. This video documents their show The Anniversary Waltz. A celebration of Lois and Peggys 10-year relationship, created 15 years before the debate on gay marriage, it is a commentary on the tendency to couple and a critique on the institution of marriage. At the same time it is a tribute to long term relationships sustained through creative work and an appropriation of the husband and wife team identities represented in vaudeville variety acts, comedy duos and musical duets.
=540  \\$aThere are copyright restrictions on this collection. For more information, go to the online version of this video.
=650  \0$aSame-sex marriage.
=650  \0$aLesbian couples.
=655  \7$aPerformance.$2nyu-hidvl
=655  \7$aTheater.$2nyu-hidvl
=655  \7$aLesbian theater.$2nyu-hidvl
=655  \7$aFeminist theater.$2nyu-hidvl
=700  1\$aWeaver, Lois.$4drt$4aut$4prf
=700  1\$aShaw, Peggy.$4aut$4prf
=710  2\$aSplit Britches (Theatre company)$4pro
=710  2\$aHemispheric Institute Digital Video Library.
=830  \0$aSplit Britches video collection.
=856  40$uhttp://hdl.handle.net/2333.1/gf1vhhvn


