=LDR  04824cgm a22006735a 4500
=001  000511393
=003  NNU
=004  NYUb13499778
=005  20090408133446.0
=006  m\\\\\\\\z\\\\\\\\
=007  vd\cvaizu
=007  vf\ciahou
=007  cr\cna
=007  cr\|||||||||||
=008  070523e19911107ck\072\\\\\\\\\\\\vlspa\d
=024  7\$aHI2006_129_01$2nyu-hidvl
=024  7\$aHI2006.129_01$2nyu-hidvl
=040  \\$aNNU$cNNU$eamim
=041  0\$aspa
=043  \\$as-ck---
=245  00$aProyecto piloto$h[videorecording].
=260  \\$c1991 Nov. 7.
=300  \\$3master.$a1 videocassette of 1 (Digital Betacam) (72 min.) :$bsd., col. ;$c1/2 in.
=300  \\$3viewing copy.$a1 videodisc of 1 (DVD) (72 min.) :$bsd., col. ;$c4 3/4 in.
=490  1\$aTeatro Experimental de Cali (TEC) / Enrique Buenaventura collection
=530  \\$aAlso available online as streaming video.
=546  \\$aIn Spanish.
=500  \\$aTitle supplied by Hemispheric Institute.
=500  \\$aPart of the Hemispheric Institute Digital Video Library.
=534  \\$pMedia source original:$e1 videocassette of 1 (VHS) : sd., col. ; 1/2 in. SP.$mSony T-120.
=518  \\$aPerformed in Cali, Colombia, on Nov. 7, 1991.
=508  \\$aEnrique Buenaventura, writer, staging ; Teatro Experimental de Cali, producer, props, costumes ; Jacqueline Vidal, staging ; José Kattan, videographer ; Luis Bacalov, Juan Carlos Maya, music ; José Campo, set design.
=511  1\$aJacqueline Vidal, Marlén García, Jaime Cabal, Osvaldo Hernández, Erick Aguilar, Henry Castillo, Hilda Ruiz, Serafín Arzamendía (performer and musician), Gustavo Vivas (musician), Juan Carlos Maya (musician).
=520  \\$aThis play posits a question: what if Death ruled the world? In order to probe an answer, 'Proyecto Piloto' explores a dark underbelly of disgusting creatures and diverse representations of death, mainly skeletons and ghosts. Instead of a majestic Death governing human destinies, we have four unimportant deaths, who defend their petty interests amid the chaos surrounding them. These different 'Deaths' fight to build their new order and advance their clearly absurd projects in an equally absurd manner. They are all fighting in a dark and damp hole, trying to profit from chaos and confusion. The grotesque, tragicomic nonsense of the play evokes the nightmare and violence of Colombian politics at the end of the '80s, the years of Guerra Sucia. Teatro Experimental de Cali (TEC) is a collective of playwrights, actors, dancers, musicians, stage designers and students committed to the exploration and creation of new languages for Latin American theater. Founded in Colombia in 1955 by Enrique Buenaventura and a group of students at the Instituto Departamental de Bellas Artes, TEC has had a long and fruitful trajectory; their artistic and theoretical work has revolutionized the way that theater is conceived and practiced in Latin America. A key contribution to the field is their method of 'creación colectiva' ('collective creation'), in which all the participants of the play - including the audience - become involved with the dramatic text and its staging. In spite of this stress on collective work, TEC had in Enrique Buenaventura its main poet and playwright, who developed most of TEC's texts and directed the majority of their plays. While TEC's works address various historical and social issues, artistic quality is not sacrificed for the sake of political radicalism. TEC has thus created a theater that is politically and culturally engaged, poetic and innovative without losing its popular appeal.
=540  \\$aThere are copyright restrictions on this collection. For more information, go to the online version of this video.
=650  \0$aTheater$zColombia.
=650  \0$aDeath$xSymbolic aspects.
=651  \0$aColombia$xHistory$y20th century.
=651  \0$aColombia$xHistory$y1974-
=651  \0$aColombia$xPolitics and government$y20th century.
=651  \0$aColombia$xPolitics and government$y1974-
=653  \\$aGuerra Sucia
=653  \\$aDirty war
=653  \\$aCreación colectiva
=655  \7$aPerformance.$2nyu-hidvl
=655  \7$aTheater.$2nyu-hidvl
=655  \7$aCollective creation.$2nyu-hidvl
=700  1\$aBuenaventura, Enrique.$4aut$4std
=700  1\$aVidal, Jacqueline.$4std$4prf
=700  1\$aKattan, José.$4vdg
=710  2\$aTeatro Experimental de Cali.$4pro
=710  2\$aHemispheric Institute Digital Video Library.
=830  \0$aTeatro Experimental de Cali (TEC) / Enrique Buenaventura collection
=856  40$uhttp://hdl.handle.net/2333.1/7h44j17w

