=LDR  04687cgm a22006255a 4500
=001  000512257
=003  NNU
=004  NYUb13500724
=005  20080310165334.0
=006  m\\\\\\\\z\\\\\\\\
=007  vd\cvaizu
=007  vf\ciahou
=007  cr\cna
=007  cr\|||||||||||
=008  070529e19910301ck\061\\\\\\\\\\\\vlspa\d
=024  7\$aHI2006_141_01$2nyu-hidvl
=024  7\$aHI2006.141_01$2nyu-hidvl
=035  \\$a(NYU)NYUb13500724
=040  \\$aNNU$cNNU$eamim
=041  0\$aspa
=043  \\$as-ck---
=245  00$aEl Paso$h[videorecording].
=246  30$aParábola del camino
=260  \\$c1991 Mar. 1.
=300  \\$3master.$a1 videocassette of 1 (Digital Betacam) (61 min.) :$bsd., col. ;$c1/2 in.
=300  \\$3viewing copy.$a1 videodisc of 1 (DVD) (61 min.) :$bsd., col. ;$c4 3/4 in.
=490  1\$aTeatro La Candelaria collection
=530  \\$aAlso available online as streaming video.
=546  \\$aIn Spanish.
=500  \\$aTitle supplied by Hemispheric Institute.
=500  \\$aPart of the Hemispheric Institute Digital Video Library.
=534  \\$pMedia source original:$e1 videocassette of 1 (VHS) : sd., col. ; 1/2 in. SP.$mViditron E-180.
=518  \\$aPerformed at Teatro La Candelaria, Bogotá, Colombia, on Mar. 1, 1991.
=508  \\$aTeatro La Candelaria, producer ; Santiago García, director ; Santiago García, Jorge Ardilla, set design ; Jorge Ardilla, Yolanda Obando, graphic design ; Oscar Patarroyo, lighting design ; Ignacio Rodríguez, music.
=511  1\$aCésar Badillo, Martha Osorio, Rafael Giraldo, Álvaro Rodríguez, Nohora González, Francisco Martínez, Inés Prieto, Fernando Mendoza, Patricia Ariza, Ignacio Rodríguez, Carolina Vivas, Hernando Forero (musician), Fernando Peñuela (musician).
=520  \\$aIn this collectively created play, La Candelaria wanted to address the problem of social and political violence in Colombia through an exploration of both verbal and non-verbal languages (the latter given special emphasis). 'El Paso' looks like a road bar, a place where people go to rest or have something to eat while traveling across the country. The truth is it is a kind of no-place surrounded by violence and social conflicts. The characters constantly refer to issues from the outside as if political violence and other danger exist only outside, and the bar was a haven. However, violence makes its way into the bar: two shady characters irrupt in the bar's status quo, forcefully involving the patrons, employees and passers-by in their shady business. The people at the bar need to negotiate their complicity or resistance to the illegal activities performed by the two newcomers, who with their guns and money set an atmosphere of fear and violence in an otherwise uneventful crossroad's 'cantina'. La Candelaria was founded in 1966 by a group of independent artists and intellectuals who came from experimental theater and the broader Colombian cultural movement. Directed by Santiago García, La Candelaria (www.teatrolacandelaria.org.co) is one of Colombian theater's most innovative agents, modernizing national drama while addressing popular audiences. By means of an ongoing exploration of national folklore, situations and characters, they have created some of Colombia's most compelling plays, some of them through the method of 'creación colectiva' (collective creation), addressing the acute social and political problems of their society. At the same time, they fostered the creation of Corporación Colombiana del Teatro and have developed a number of theoretical works that reflect upon dramatic creation, its methods and languages. Still nowadays, La Candelaria is committed to repertoire, experimentation, and discussion as fundamental elements to artistic creation.
=540  \\$aThere are copyright restrictions on this collection. For more information, go to the online version of this video.
=650  \0$aTheater$zColombia.
=650  \0$aPolitical violence$zColombia.
=650  \0$aSocial conflict$zColombia.
=653  \\$aSocial violence
=653  \\$aCreación colectiva
=655  \7$aPerformance.$2nyu-hidvl
=655  \7$aTheater.$2nyu-hidvl
=655  \7$aCollective creation.$2nyu-hidvl
=655  \7$aColombian theater.$2nyu-hidvl
=700  1\$aGarcía, Santiago.$4drt$4std
=710  2\$aGrupo La Candelaria.$4pro$4cre
=710  2\$aHemispheric Institute Digital Video Library.
=830  \0$aTeatro La Candelaria collection.
=856  40$uhttp://hdl.handle.net/2333.1/tb2rbp9s

