=LDR  04732cgm a22006735a 4500
=001  000512389
=003  NNU
=004  NYUb13500861
=005  20080318162045.0
=006  m\\\\\\\\z\\\\\\\\
=007  vd\cvaizu
=007  vf\ciahou
=007  cr\cna
=007  \\vd
=007  cr\|||||||||||
=008  070530s1991\\\\ck\114\\\\\\\\\\\\vlspa\d
=024  7\$aHI2006_145_01$2nyu-hidvl
=024  7\$aHI2006_146_01$2nyu-hidvl
=024  7\$aHI2006.145_01$2nyu-hidvl
=035  \\$a(NYU)NYUb13500861
=040  \\$aNNU$cNNU$eamim
=041  0\$aspa
=043  \\$as-ck---
=245  00$aGuadalupe años sin cuenta$h[videorecording].
=260  \\$c1991.
=300  \\$3master.$a2 videocassettes of 2 (Digital Betacam) (114 min.) :$bsd., col. ;$c1/2 in.
=300  \\$3viewing copy.$a2 videodiscs of 2 (DVD) (114 min. : pt.1, 58 min. ; pt.2, 56 min.) :$bsd., col. ;$c4 3/4 in.
=490  1\$aTeatro La Candelaria collection
=530  \\$aAlso available online as streaming video.
=546  \\$aIn Spanish.
=500  \\$aTitle supplied by Hemispheric Institute.
=500  \\$aPart of the Hemispheric Institute Digital Video Library.
=534  \\$pMedia source original:$e2 videocassettes of 2 (Mini DV) : sd., col. ; 1/4 in. SP.$mSony DVM60.
=518  \\$aPerformed at Teatro La Candelaria, Bogotá, Colombia, in 1991.
=508  \\$aTeatro La Candelaria, producer, music, set design, props, costumes ; Santiago García, director ; Oscar Mauricio Patarroyo, lighting design ; Wilson Saldarriaga, Francisco Martínez, Enrique Carrizo, editors.
=511  1\$aCésar Badillo, Santiago García, Patricia Ariza, Fernando Peñuela, Nohora Ayala, Fernando Mendoza, Hernando Forero, Inés Prieto, Francisco Martínez, Álvaro Rodríguez, Carolina Vivas, Martha Osorio, Rafael Giraldo, Ignacio Rodríguez.
=520  \\$aA folklore band tells the story of Guadalupe Salcedo's murder, one of the first Colombian 'guerrilleros' of the Liberal party. The band works as a Greek Chorus. Through the intervention of this Chorus and other narrative strategies (like a trial and a press conference), the play reconstructs the social and political context of this ominous murder, part of the endless string of violent deaths caused by political violence in Colombia. La Candelaria goes back to the historical origin of this violence (the fight between Liberals and Conservatives for national supremacy and its disastrous effects for the rural poor) in order to offer an interpretation of its persistence. Guadalupe Salcedo was one of the first victims of political violence in Colombia. The play ends, as it begins, with his murder. Likewise, political violence in Colombia seems cyclical and never ending. The play explicitly connects the 50s to the present. La Candelaria (www.teatrolacandelaria.org.co) was founded in 1966 by a group of independent artists and intellectuals who came from experimental theater and the broader Colombian cultural movement. Directed by Santiago García, La Candelaria is one of Colombian theater's most innovative agents, modernizing national drama while addressing popular audiences. By means of an ongoing exploration of national folklore, situations and characters, they have created some of Colombia's most compelling plays, some of them through the method of 'creación colectiva' ('collective creation'), addressing the acute social and political problems of their society. At the same time, they fostered the creation of Corporación Colombiana del Teatro and have developed a number of theoretical works that reflect upon dramatic creation, its methods and languages. Still nowadays, La Candelaria is committed to repertoire, experimentation, and discussion as fundamental elements to artistic creation.
=540  \\$aThere are copyright restrictions on this collection. For more information, go to the online version of this video.
=600  10$aSalcedo, Guadalupe.
=650  \0$aTheater$zColombia.
=650  \0$aPolitical violence$zColombia.
=653  \\$aCreatión colectiva
=655  \7$aPerformance.$2nyu-hidvl
=655  \7$aTheater.$2nyu-hidvl
=655  \7$aCollective creation.$2nyu-hidvl
=655  \7$aColombian theater.$2nyu-hidvl
=700  1\$aGarcía, Santiago.$4drt$4prf
=710  2\$aGrupo La Candelaria.$4pro$4mus$4std
=710  2\$aHemispheric Institute Digital Video Library.
=830  \0$aTeatro La Candelaria collection.
=853  00$81$apt.
=863  50$81.1$a1$p31142045843672
=863  50$81.2$a2$p31142045843680
=856  40$uhttp://hdl.handle.net/2333.1/1vhhmgxw
=954  \\$81$aVolumes

