=LDR  04649cgm a22006855a 4500
=001  000514026
=003  NNU
=004  NYUb13502725
=005  20080321134702.0
=006  m\\\\\\\\z\\\\\\\\
=007  vd\cvaizu
=007  vf\ciahou
=007  cr\cna
=007  cr\|||||||||||
=008  070606e19910821pr\024\\\\\\\\\\\\vlspa\d
=024  7\$aHI2007_027_01$2nyu-hidvl
=024  7\$aHI2007.027_01$2nyu-hidvl
=035  \\$a(NYU)NYUb13502725
=040  \\$aNNU$cNNU$eamim
=041  0\$aspa
=043  \\$anwpr---
=245  03$aEl Sí-Da$h[videorecording].
=246  3\$aSIDA
=260  \\$c1991 Aug. 21.
=300  \\$3master.$a1 videocassette of 1 (Digital Betacam) (24 min.) :$bsd., col. ;$c1/2 in.
=300  \\$3viewing copy.$a1 videodisc of 1 (DVD) (24 min.) :$bsd., col. ;$c4 3/4 in.
=490  1\$aRosa Luisa Márquez and theater collaborators
=530  \\$aAlso available online as streaming video.
=546  \\$aIn Spanish.
=500  \\$aTitle supplied by Hemispheric Institute.
=500  \\$aPart of the Hemispheric Institute Digital Video Library.
=534  \\$pMedia source original:$e1 videocassette of 1 (Mini DV) : sd., col. ; 1/4 in. SP.$mKodak T-120L.
=518  \\$aPerformed in San Juan, Puerto Rico, on Aug. 21, 1991.
=508  \\$aRosa Luisa Márquez, producer, director.
=511  1\$aRosa Luisa Márquez, Teatreros Ambulantes de Cayey, Teatreros Ambulantes de San Juan.
=520  \\$aRosa Luisa Márquez (www.marquezmartorell.org) is a Puerto Rican theater artist and pedagogue; she specializes in contemporary theater. Rosa Luisa started her teaching career at the theater department of the University of Puerto Rico in 1978. She developed the current curriculum of Drama Activities, which she teaches in her workshops at schools, prisons, rehab centers, women's shelters and community centers. Her directing projects include 'Romeo(s) y Julieta(s),' 'Historias para ser Contadas,' 'La Leyenda del Cemí,' 'Procesión,' 'Waiting for Godot,' 'Jardín de Pulpos,' 'Absurdos en Soledad,' 'El León y la Joya,' among others. Published books include 'Brincos y saltos: el juego como disciplina teatral' and 'Historias para ser contadas, montaje de Rosa Luisa Márquez.' She is a member of the board of directors and pedagogical team for the EITALC's International School of Latin American and Caribbean Theater. Ongoing artistic collaborators include Gilda Navarra and Antonio Martorell (Puerto Rico), Grupo Malayerba (Ecuador), Grupo Yuyachkani (Peru), and directors Peter Shumann (Bread & Puppet Theater, U.S.A.) and Augusto Boal (Theater of the Oppressed, Brazil). In conjunction with visual artist Antonio Martorell, she created the concept of 'Teatreros Ambulantes' (Itinerant Performers, 1987-1990), resulting in twelve productions. 'El Sí-Da' is one of these projects. Originally staged in 1988 on the World's AIDS Day (in a time when AIDS and condoms were still taboo in Puerto Rico), this is a re-staging made in 1991 for health educators. The performance is inspired in Augusto Boal's 'image theater,' proposing images based on common prejudices and attitudes related to sexuality and AIDS, as a provocation to reflect and discuss new interpretations and alternatives to these social and health issues. The audience is invited to join the performers in creating and transforming images, exploring alternatives for the transformation of current social attitudes towards AIDS
=540  \\$aThere are copyright restrictions on this collection. For more information, go to the online version of this video.
=650  \0$aExperimental theater$zPuerto Rico.
=650  \0$aTheater$zPuerto Rico.
=650  \0$aPerforming arts$zPuerto Rico.
=650  \0$aAIDS (Disease)$zPuerto Rico.
=650  \0$aCreative teaching$zPuerto Rico.
=653  \\$aAIDS awareness
=653  \\$aPedagogy and cultural practice
=655  \7$aPerformance.$2nyu-hidvl
=655  \7$aTheater.$2nyu-hidvl
=655  \7$aPuerto Rican theater.$2nyu-hidvl
=655  \7$aExperimental theater.$2nyu-hidvl
=655  \7$aCollective creation.$2nyu-hidvl
=655  \7$aImage theater.$2nyu-hidvl
=700  1\$aMárquez, Rosa Luisa.$4pro$4drt$4prf
=710  2\$aTeatreros Ambulantes (Cayey, Puerto Rico)$4prf
=710  2\$aTeatreros Ambulantes (San Juan, Puerto Rico)$4prf
=710  2\$aHemispheric Institute Digital Video Library.
=830  \0$aRosa Luisa Márquez and theater collaborators.
=856  40$uhttp://hdl.handle.net/2333.1/s7h44jbs

