=LDR  04730cgm a22006015a 4500
=001  000086226
=003  NNU
=004  NYUb13056090
=005  20080408163148.0
=006  m\\\\\\\\z\\\\\\\\
=007  vd|cvaizu
=007  vf|ciahou
=007  cr\|||||||||||
=007  vd
=008  050715s1991\\\\nyu032\\\\\\\\\\\\vleng\d
=024  7\$aHI2005_001_01$2nyu-hidvl
=024  7\$aHI2005.001_01$2nyu-hidvl
=040  \\$aNNU$cNNU$eamim
=245  00$aMy place$h[videorecording]
=260  \\$c1991.
=300  \\$3viewing copy.$a1 videodisc of 1 (DVD) (32 min.) :$bsd., col. ;$c4 3/4 in.
=300  \\$3master.$a1 videocassette of 1 (Digital Betacam) (32 min.) :$bsd., col. ;$c1/2 in.
=490  1\$aAmerican Indian Community House collection
=500  \\$aTitle supplied by Hemispheric Institute.
=500  \\$aPart of the Hemispheric Institute Digital Video Library.
=530  \\$aAlso available online as streaming video.
=534  \\$pMedia source original:$e1 videocassette of 1 (VHS) : sd., col. ; 1/2 in. SP.$mJVC.
=518  \\$aPerformed at The American Indian Community House, New York City, in 1991.
=508  \\$aAmerican Indian Community House, producer ; Lisa Mayo, director ; Rudy Martin, creator, writer.
=511  1\$aRudy Martin.
=520  \\$aRudy Martins My Place is a semi autobiographical work that describes Martin's complex relationship with his mother, which has been further complicated by his move to New York City from New Mexico to pursue his dreams of being a playwright and actor. Their main line of communication has become the telephone, which has come to represent his mother's presence within his apartment. The telephone helps Martin to adjust to his new circumstances and he uses it to maintain connections to his roots back home and to form new connections in his new home in New York City. Rudy Martin (1951-1993), a Tewa/Navajo/Apache Indian from New Mexico was a talented lyricist, singer, and musician who was committed to educating the non-Indian public about Indians on and off the reservation. Martin worked as the public relations director for the American Indian Community House (AICH) in New York City. He also served as a character consultant for PBS's children's television series Shining Time Station and earned his master of Fine Arts degree from New York Universitys Tisch School of The Arts. The American Indian Community House (AICH) is an urban Indian center that services the needs of the Native people living in New York City and welcomes Native visitors to the city. AICH was founded in 1969 and has become a de facto neighborhood serving as a meeting place for the diverse Native community of the New York City area. The Community House offers a variety of services ranging from substance abuse and HIV counseling, to career assistance. It is also home to the only Indian owned and operated art gallery in New York City. The AICHs Performing Arts Department has become an important resource for Native visual and performance artists. Through its programming, performance has become an important educational vehicle, both for the Native and non-Native NY community. The Badger's Corner, initiated in the 1980s, is an education-via-entertainment vehicle for the AICHs visual and performing arts department programs. Taking its name from the Pueblo legend of the four-legged creature who led the Pueblo people out of the underworld after the great flood, the intent of its programming is to inform and challenge people to rethink their concept(s) of Native American people and customs. All performances at AICH are presented under the auspices of the Badgers Corner.
=540  \\$aThere are copyright restrictions on this collection. For more information, go to the online version of this video.
=650  \0$aIndians of North America$xEthnic identity.
=650  \0$aIndians of North America.
=650  \0$aIndian arts.
=650  \0$aIndian theater.
=650  \0$aEthnic performing arts.
=655  \7$aPerformance.$2nyu-hidvl
=655  \7$aTheater.$2nyu-hidvl
=655  \7$aOne-person shows (Performing arts).$2nyu-hidvl
=655  \7$aIndigenous performance.$2nyu-hidvl
=655  \7$aNative American theater.$2nyu-hidvl
=700  1\$aMartin, Rudy.$4cre$4aut$4prf
=700  1\$aMayo, Lisa.$4drt
=710  2\$aAmerican Indian Community House (New York, N.Y.)$4pro
=710  2\$aHemispheric Institute Digital Video Library.
=830  \0$aAmerican Indian Community House collection.
=856  40$uhttp://hdl.handle.net/2333.1/zgmsbcps

