=LDR  05560cgm a2200649 a 4500
=001  000549925
=003  NNU
=004  NYUb13541796
=005  20080408113829.0
=006  m\\\\\\\\z\\\\\\\\
=007  vd\cvaizu
=007  vf\ciahou
=007  cr\cna
=007  cr\|||||||||||
=008  071004s1991\\\\cu\018\\\\\\\\\\\\vlspa\d
=024  7\$aHI2007_182_02$2nyu-hidvl
=024  7\$aHI2007.182_02$2nyu-hidvl
=040  \\$aNNU$cNNU$eamim
=041  0\$aspa
=043  \\$anwcu---
=245  00$aAmarillo, azul y blanco$h[videorecording].
=260  \\$c1991.
=300  \\$3master.$a1 videocassette of 1 (Digital Betacam) (18 min.) :$bsd., col. ;$c1/2 in.
=300  \\$3viewing copy.$a1 videodisc of 1 (DVD) (18 min.) :$bsd., col. ;$c4 3/4 in.
=490  1\$aManuel Mendive collection
=530  \\$aAlso available online as streaming video.
=546  \\$aIn Spanish.
=500  \\$aContained on disc HI2007.182_01 ("Para el ojo que mira").
=500  \\$aTitle supplied by Hemispheric Institute.
=500  \\$aPart of the Hemispheric Institute Digital Video Library.
=534  \\$pMedia source original:$e1 videocassette of 1 (VHS) : sd., col. ; 1/2 in. SP.$mLG T-120S.
=518  \\$aPerformed in Lenin Park (La Habana), Río San Juan (Matanzas), and at Hotel Oasis (Varadero), Cuba, in 1991.
=508  \\$aManuel Mendive, producer, creator ; Juan Delgado, artistic production, assistant director ; Ramón García, video director ; Rafael Solís, Oscar Valdés, photography ; Gabriel Daniel, Rubén de la Torre, editors ; Diego Figueroa, Ricardo (Tato) Pérez, Alexei Oms, sound ; Alberto Miranda, postproduction ; Marco Antonio Abad, credits ; Miguel González, transportation.
=511  0\$aMusicians: Juan Cisneros, Santiago Nani, Grupo Proyecto Espiral, José Salpean, Eric Bell, Ober Noa, Julio Inerariti, Grupo Afrocuba (Matanzas), Francisco Zamora, Reynaldo Alfonso, Enrique Mesa, Reynaldo Gobel, Pedro Aballi, Eddy Espinosa, Luis Cancino, Ramón García, Bárbaro Aldazabal, Orquesta Miguel Faildes (Matanzas).
=511  1\$aManuel Mendive ; Silvia Bernabeu, Lázaro García, Felipe Ocanto, Lisbeth Flores, Rogelio Lorda (models) ; Zulima Echevarría, Teresita Dome, Danilo Pérez, Antonio Figueroa, Juan C. Gobel (dancers) ; Dolores Pérez, Sara Gobel, Regla Pérez, Bertina Aranda, Amparo Rodríguez, Hortensio Alfonso (chorus).
=520  \\$a'Amarillo, azul y blanco,' a video by Ramón García, documents a traveling, public performance art event created by renowned Cuban artist Manuel Mendive. Brightly-painted dancing bodies journey through Lenin Park (Havana), San Juan river (Matanzas) and Oasis Hotel (Varadero) in a performance of embodied syncretism, a dance of colors - 'yellow, blue and white,' the title of the piece - echoing both the basic language of visual artists and the distinctive colors of Santería deities - the colors of Ochún, Yemayá and Changó. Mendive blends significant elements of Afro-Cuban culture, creating a personal universe intimately linked to his particular worldview, one that establishes organic connections between nature and religion, African ancestry and Caribbean everyday life, a symphony of syncretism that, like all of Mendive's art, reflects a life of commitment to African spiritual practices, a commitment that became more intense after his first visits to Africa in the early 1980s. Manuel Mendive Hoyo (www.mendive.cult.cu) is perhaps the single most important Cuban artist today. Mendive, a major exponent of contemporary 'Afro-cubanismo' in the visual arts, was born in 1944 into a Santería-practicing family. He graduated from the prestigious Academia de Artes Plásticas San Alejandro in Havana in 1962 with honors in sculpture and painting. He held his first one-man show at the Center of Art in Havana in 1964. Since then he has exhibited in some of the most important international venues. The Cuban booth at the XLII International Biennial Exhibition of Modern Art in Venice in 1988 was completely dedicated to his works. His work can be found in Museums and galleries in many countries including the Museo Nacional de Bellas Artes in Havana, the Musee d'Art Moderne in Paris; as well as museums in Russia, Somalia, Congo, Norway, Denmark, Finland and the U.S and other countries. He is well-known not only for his painting and soft sculpture, but for his performance pieces in which he paints dancers' naked bodies and creates theatrical backdrops and environments. Representing an important strain of Cuban life, Mendive's multi-media work reflects his syncretic take on religion, philosophy, ethnography, art and dance.
=540  \\$aThere are copyright restrictions on this collection. For more information, go to the online version of this video.
=650  \0$aArt$zCuba.
=650  \0$aPerformance art$zCuba.
=650  \0$aBody painting.
=653  \\$aAfro-Cuban
=653  \\$aVisual arts
=655  \7$aPerformance.$2nyu-hidvl
=655  \7$aAfro-Cuban performance.$2nyu-hidvl
=655  \7$aBody painting.$2nyu-hidvl
=655  \7$aPerformance art.$2nyu-hidvl
=700  1\$aMendive, Manuel,$d1944-$4cre$4pro$4prf
=700  1\$aDelgado, Juan.$4drt$4prd
=700  1\$aGarcia, Ramon.$4vdg$4drt
=710  2\$aHemispheric Institute Digital Video Library.
=830  \0$aManuel Mendive collection.
=856  40$uhttp://hdl.handle.net/2333.1/1rn8pk5s

