=LDR  05043ngm a2200637 a 4500
=001  003305356
=004  003305356
=005  20110210114621.0
=006  m\\\\\\\\z\\\\\\\\
=007  vd\cvaiz|
=007  cr\cna|||m|||a
=007  vd\cvaizu
=007  cr\|||||||||||
=008  100218e199112uuck\088\\\\\\\\\\\\vlspa\d
=024  7\$aHI2009_003_01$2nyu-hidvl
=024  7\$aHI2009.003_01$2nyu-hidvl
=040  \\$aNNU$beng$cNNU
=041  0\$aspa
=043  \\$as-ck---
=079  \\$a(OCoLC)607278100
=245  00$aMedea material$h[videorecording].
=246  3\$aMedea material (Canto primero / Cantos 9 y 10)
=246  3\$aMedea material I, II, III
=260  \\$c1991 Dec.
=300  \\$3viewing copy.$a1 videodisc of 1 (DVD) (88 min.) :$bsd., col. ;$c4 3/4 in.
=490  1\$aMapa Teatro : Laboratorio de Artistas collection
=500  \\$aTitle supplied by Hemispheric Institute.
=546  \\$aIn Spanish.
=500  \\$aPart of the Hemispheric Institute Digital Video Library.
=518  \\$aPerformed at the Teatro Colón, Bogotá, Colombia.
=508  \\$aMapa Teatro, creator, producer ; Heidi Abderhalden, producer ; Rolf Abderhalden, director ; Isauro Pinzón, musical director ; Heiner Müller, author ; Rolf Abderhalden, Sergio Mesa, translators ; Lía de Roux de Caceido, Rolf Abderhalden, dramaturgy ; Sergio Mesa, composer ; Elizabeth Abderhalden, costume designer ; Daniel Demont, lighting designer, technical director ; Ron Abderhalden, set designer.
=511  0\$aMarta Senn (mezzosoprano), protagonist ; Heidi Abderhalden, Adriana Albarracín, Carlos Caycedo, Harold Moreno, Julia Pardo, Miguel Ángel Pazos, Ramiro Sandoval, John Alexander Toro, performers ; Adriana Guevara, Héctor Ramón, Ludmila Sandoval, Sandra Sichaca, Isauro Pinzón, musicians.
=520  \\$aVideo documentation of Heiner Müller's 'Medea Material,' the first production of the Mapa Teatro's 'Müller cycle.' This musical theater production features Colombian mezzo-soprano Martha Senn as Medea, along with a chamber ensemble formed by members of the Philarmonic Orchestra of Bogotá. Constructed out of huge sheets of wrapped cloth, the figure of Medea towers over her subjects and creators in a classic and surrealistic representation of tragedy, magic and myth. After the documentation of the performance, this video includes close-up shots of the diverse characters, showing details of their make-up, their costumes, and the stage. The aesthetic and visual achievement of this production, as well as its showcase of Colombian musical talent, brought considerable recognition to Mapa Teatro in the first decade of its artistic development.
=520  \\$aOne of the foremost artistic companies in Colombia, Mapa Teatro (www.mapateatro.org) has been producing theater, performance and art installation projects since 1984. Founders and directors, Rolf and Heidi Abderhalden have created a wide ranging repertoire of theater, opera, mixed-media performance, and site-specific installation. Their work proposes richly textured visual metaphors in which they consider often complex psychological, social and political relationships. Committed to experimentation, and less interested in the actor as an 'agent of fiction,' they describe their project as 'a laboratory of social imagination,' that offers a space for presenting community issues and human concerns in media and performance. This combination of real-life situations and sites along with highly stylized aesthetic staging produces a tension between real action and (re)presentation. Mapa Teatro draws from live events captured on video such as the demolition of a neighborhood in Bogotá, ritual practice, and texts that explore the relationship of postmodern subjects, myth and metaphor. Mapa Teatro has performed by commissions, festivals and collaborative projects world-wide.
=530  \\$aAlso available online as streaming video.
=534  \\$pMedia source original:$e1 videocassette of 1 (VHS) : sd., col. ; 1/2 in. SP.$mSony T-120.
=540  \\$aThere are copyright restrictions on this collection. For more information, go to the online version of this video.
=600  00$aMedea,$cconsort of Aegeus, King of Athens (Mythological character)$vDrama.
=650  \0$aTheater$zColombia$zBogotá.
=650  \0$aPerforming arts$zColombia$zBogotá.
=651  \0$aBogotá (Colombia)
=655  \7$aPerformance.$2nyu-hidvl
=655  \7$aTheater.$2nyu-hidvl
=655  \7$aExperimental theater.$2nyu-hidvl
=655  \7$aMusical theater.$2nyu-hidvl
=655  \7$aColombian theater.$2nyu-hidvl
=700  1\$aMüller, Heiner,$d1929-1995.$4aut
=700  1\$aAbderhalden, Heidi.$4pro
=700  1\$aAbderhalden, Rolf.$4drt
=700  1\$aPinzón, Isauro.$4msd
=710  2\$aMapa Teatro.$4cre$4pro
=710  2\$aHemispheric Institute Digital Video Library.
=830  \0$aMapa Teatro : Laboratorio de Artistas collection.
=856  40$uhttp://hdl.handle.net/2333.1/tmpg4ft7

