=LDR  07466cgm a2200853 a 4500
=001  000079967
=003  NNU
=004  NYUb13049193
=005  20140421141609.0
=006  m\\\\\\\\z\\\\\\\\
=007  vd\cvaizu
=007  vf\ciahou
=007  cr\|||||||||||
=007  vd
=008  050624e199111uumx\075\\\\\\\\\\\\vlspa\d
=024  7\$aHI2004_057_A_01$2nyu-hidvl
=024  7\$aHI2004_057_B_01$2nyu-hidvl
=024  7\$aHI2004.057_01_A$2nyu-hidvl
=040  \\$aNNU$cNNU$eamim
=041  0\$aspa
=079  \\$a(OCoLC)878606474
=245  00$aCachirulo para adultos$h[videorecording] :$bel gigante egoísta.
=246  30$aGigante egoísta
=246  31$aCachirulo for adults :$bthe selfish giant
=246  3\$aPrimer Cachirulo para adultos :$bel gigante egoísta
=260  \\$c1991 Nov.
=300  \\$3viewing copy.$a2 videodiscs of 2 (DVD) (75 min.: pt.A, 62 min.; pt.B, 13 min.) :$bsd., col. ;$c4 3/4 in.
=300  \\$3master.$a2 videocassettes of 2 (Digital Betacam) (75 min.) :$bsd., col. ;$c1/2 in.
=490  1\$aEl Hábito collection
=530  \\$aAlso available online as streaming video.
=546  \\$aIn Spanish.
=500  \\$aTitle supplied by Hemispheric Institute.
=500  \\$aPart of the Hemispheric Institute Digital Video Library.
=534  \\$pMedia source original:$e1 videocassette of 1 (VHS) : sd., col. ; 1/2 in.$mSony T-120.
=518  \\$aPerformed at Teatro Bar El Hábito, Mexico City, Mexico, in Nov. 1991.
=508  \\$aJesusa Rodríguez, writer, producer, director ; Liliana Felipe, producer ; Malú Huacuja, writer.
=511  1\$aEnrique Alonso, Jesusa Rodríguez, Roberto Comadurán, Ramón Baragán, Darío Pío, Paloma Wulrich, Manuel Poncelis.
=520  \\$aFarcical cabaret performance featuring Enrique Alonso, whose legendary character 'Cachirulo' starred Mexico's first TV show for kids 'Teatro Fantástico.' Cachirulo presents a satiric rendition of Oscar Wilde's 'The Selfish Giant' in the light of the signing of the North American Free Trade Agreement (NAFTA) by Mexican president Carlos Salinas. In 'a land far, far away, in a big city affected by the citizens' carelessness, but that thanks to the government... was totally devastated,' a little girl with an 'uncanny' resemblance to President Salinas meets a vagabond who gives her terrible news: a dangerous giant ('a subproduct of civil indignation for electoral fraud') approaches the city intending to rebel from the abuses of political tyranny. The giant indeed arrives, and destroys the public garden (for which the girl calls him 'selfish'). 
=520  \\$aHe is then approached by villains Fanfarrón and Escaldufa (the latter a witch, here impersonating the United States), who intend to render him 'politically unconscious' and make him an ally in their agenda of destruction. Cachirulo helps the girl look for a magic elixir that can counter the villains' evil influence. With the aid of three magic talismans, they dodge the villains' repeated attacks, but Escaldufa ultimately outsmarts them by dressing up like 'the NAFTA fairy.' She proposes the girl to barter the control of all the hemisphere in exchange for an elixir that erases any political 'mishandling.' Sealed the agreement, the girl makes a public speech promising to magically transform Mexico into a First World country, but instead wishes for hair and pours the elixir over her bald head, emptying the bottle in the process.   
=520  \\$aWith no more elixir to transform the country, the girl resorts to the argument that 'it is not with exotic formulas that the country will improve, we require patience, strength, unity.' Cachirulo, indignant, interrupts the political speech, silencing the girl and ending the story. Mexican director, actress, playwright, performance artist, scenographer, entrepreneur, and social activist Jesusa Rodríguez has been called the most important woman of Mexico. Often referred to as a chameleon, Rodríguez moves seemingly effortlessly and with vigor across the spectrum of cultural forms, styles, and tones. Her espectáculos (as both spectacles and shows) challenge traditional classification, crossing with ease generic boundaries: from elite to popular to mass, from Greek tragedy to cabaret, from pre-Columbian indigenous to opera, from revue, sketch and carpa, to performative acts within political projects. Humor, satire, linguistic play, and the body are constants in her productions.   
=520  \\$aShe seeks to render corporal and, thus, visible, the tensions between the discourses in operation on and through the individual and collective body. Rodriguezs energy is intense and her commitment non-negotiable, always interrogating the nature, site, and consequences of power and its representation. Liliana Felipe, one of Latin America's foremost singers and composers, was born in Argentina in the 1950s. She left for Mexico just before the outbreak of the 'Dirty War' (1976), but her sister and brother-in-law were both 'disappeared'--victims of the military dictatorship's criminal politics. Liliana's music has a wide following in Latin America. She continues to be a powerful presence in Argentina, working with human rights organizations--especially H.I.J.O.S. (the organization of the children of the disappeared). In Mexico, Liliana went to one of Jesusa Rodríguez's performances.   
=520  \\$aJesusa, catching a glimpse of Felipe in the audience, remembers saying to herself: I am going to die with that woman. Since then, Liliana and Jesusa have created two performance spaces, El Cuervo and later El Hábito in Coyoacán, Mexico City, that they still run. They 'married' in February 2000. El Hábito (www.elhabito.com.mx) is a hotbed for intellectuals, feminists, gay rights activists and open-minded, progressive people who want to be engaged by a smart and critical humor. In this off-off space, and with the collaboration of their theater cooperative Las Divas, Jesusa y Liliana have produced hundreds of shows since the 1980s.  
=540  \\$aThere are copyright restrictions on this collection. For more information, go to the online version of this video.
=600  10$aWilde, Oscar,$d1854-1900.$tSelfish giant$vParodies, imitations, etc.
=600  10$aSalinas de Gortari, Carlos$vDrama.
=610  10$aCanada.$tTreaties, etc.$d1992 Oct. 7.
=653  \\$aNAFTA
=655  \7$aPerformance.$2nyu-hidvl
=655  \7$aCabaret.$2nyu-hidvl
=655  \7$aTheater.$2nyu-hidvl
=655  \7$aSatire.$2nyu-hidvl
=655  \7$aPolitical performance.$2nyu-hidvl
=655  \7$aQueer performance.$2nyu-hidvl
=700  1\$aRodríguez, Jesusa.$4aut$4pro$4drt$4prf
=700  1\$aFelipe, Liliana.$4pro
=700  1\$aHuacuja, Malú,$d1961-$4aut
=700  1\$aAlonso, Enrique.$4prf
=700  1\$aComadurán, Roberto.$4prf
=700  1\$aBaragán, Ramón.$4prf
=700  1\$aPío, Darío.$4prf
=700  1\$aWulrich, Paloma.$4prf
=700  1\$aPoncelis, Manuel.$4prf
=710  2\$aHemispheric Institute Digital Video Library.
=830  \0$aJesusa Rodríguez & Liliana Felipe : El Hábito collection.
=856  40$uhttp://hdl.handle.net/2333.1/3ffbg7c7
=853  00$81$apt.
=863  50$81.1$aA$p31142047316420
=863  50$81.2$aB$p31142047316438
=954  \\$81$aVolumes

