=LDR  05934cgm a2200721 a 4500
=001  000082167
=003  NNU
=004  NYUb13051659
=005  20140421141645.0
=006  m\\\\\\\\z\\\\\\\\
=007  vd\cvaizu
=007  vf\ciahou
=007  cr\|||||||||||
=007  vd
=008  050701e199108uumx\112\\\\\\\\\\\\vlspa\d
=024  7\$aHI2004_061_A_01$2nyu-hidvl
=024  7\$aHI2004_061_B_01$2nyu-hidvl
=024  7\$aHI2004.061_01_A$2nyu-hidvl
=040  \\$aNNU$cNNU$eamim
=041  0\$aspa
=043  \\$an-mx---
=079  \\$a(OCoLC)82295128
=245  00$aEnsalada León Felipe$h[videorecording].
=246  31$aLeón Felipe salad
=260  \\$c1991 Aug.
=300  \\$3viewing copy.$a2 videodiscs of 2 (DVD) (111 min.) :$bsd., col. ;$c4 3/4 in.
=300  \\$3master.$a2 videocassettes of 2 (Digital Betacam) (111 min.) :$bsd., col. ;$c1/2 in.
=490  1\$aEl Hábito collection
=530  \\$aAlso available online as streaming video.
=546  \\$aIn Spanish.
=500  \\$aTitle supplied by Hemispheric Institute.
=500  \\$aPart of the Hemispheric Institute Digital Video Library.
=534  \\$pMedia source original:$e1 videocassette (VHS) : sd., col. ; 1/2 in.$mSony T-120.
=518  \\$aPerformed at Teatro Bar El Hábito, Mexico City, Mexico, in Aug. 1991.
=508  \\$aJesusa Rodríguez, writer, producer, director ; Liliana Felipe, producer, original music.
=511  0\$aJesusa Rodríguez, Liliana Felipe, performers.
=520  \\$aThis is a hand-held video documentation of an evening of cabaret performance at El Hábito in 1991. It is not a play, but rather a free-flowing interaction between the performers/hostesses and the audience. Liliana Felipe walks on stage wearing a Viking hat and a skin-tight blue bodysuit, helping 'Pita Amor' (an elderly Mexican poetess, played by Jesusa Rodríguez) to her seat. While Liliana plays well-known songs from her repertoire, Pita Amor reads poems, jokes with the audience, orders Liliana around, and comments on everything from love, to the government, to feminism, all peppered with the periodical request for 'un drink' and her repeated assertion 'How I hate physical decay!' Among the audience members are Marta Lamas, founder and director of Debate Feminista (a leading feminist journal in Mexico) and Elena Poniatowska, one of Mexico's most renowned literary figures, about whom Liliana sings a song at the end of the show. 
=520  \\$aThis video is a testimony to the kind of space El Hábito is: a hotbed for intellectuals, feminists, gay rights activists and open-minded, progressive people who want to be engaged by a smart and critical humor. Mexican director, actress, playwright, performance artist, scenographer, entrepreneur, and social activist Jesusa Rodríguez has been called the most important woman of Mexico. Often referred to as a 'chameleon,' Rodríguez moves seemingly effortlessly and with vigor across the spectrum of cultural forms, styles, and tones. Her 'espectáculos' (as both spectacles and shows) challenge traditional classification, crossing with ease generic boundaries: from elite to popular to mass, from Greek tragedy to cabaret, from pre-Columbian indigenous to opera, from revue, sketch and 'carpa,' to performative acts within political projects. Humor, satire, linguistic play, and the body are constants in her productions.   
=520  \\$aShe seeks to render corporal and, thus, visible, the tensions between the discourses in operation on and through the individual and collective body. Rodriguez's energy is intense and her commitment non-negotiable, always interrogating the nature, site, and consequences of power and its representation. Liliana Felipe, one of Latin America's foremost singers and composers, was born in Argentina in the 1950s. She left for Mexico just before the outbreak of the 'Dirty War' (1976), but her sister and brother-in-law were both 'disappeared'--victims of the military dictatorship's criminal politics. Liliana's music has a wide following in Latin America. She continues to be a powerful presence in Argentina, working with human rights organizations--especially H.I.J.O.S. (the organization of the children of the disappeared). In Mexico, Liliana went to one of Jesusa Rodríguez's performances.   
=520  \\$aJesusa, catching a glimpse of Felipe in the audience, remembers saying to herself: 'I am going to die with that woman.' Since then, Liliana and Jesusa ('married' in February 2000) have created two performance spaces, El Cuervo and later El Hábito (www.elhabito.com.mx) in Coyoacán, Mexico City, that they still run. In these off-off spaces, and with the collaboration of their theater cooperative Las Divas, Jesusa y Liliana have produced hundreds of shows since the 1980s.  
=540  \\$aThere are copyright restrictions on this collection. For more information, go to the online version of this video.
=650  \0$aMusic-halls (Variety-theaters, cabarets, etc.)$zMexico.
=651  \0$aMexico$xPolitics and government$y20th century.
=651  \0$aMexico$xSocial conditions$y20th century.
=655  \7$aPerformance.$2nyu-hidvl
=655  \7$aCabaret.$2nyu-hidvl
=655  \7$aPolitical performance.$2nyu-hidvl
=655  \7$aQueer performance.$2nyu-hidvl
=655  \7$aFeminist performance.$2nyu-hidvl
=700  1\$aRodríguez, Jesusa.$4aut$4pro$4drt$4prf
=700  1\$aFelipe, Liliana.$4pro$4cmp$4prf
=710  2\$aHemispheric Institute Digital Video Library.
=830  \0$aJesusa Rodríguez & Liliana Felipe : El Hábito collection.
=856  40$uhttp://hdl.handle.net/2333.1/q83bk3qk
=853  00$81$apt.
=863  50$81.1$aA$p31142042823941
=863  50$81.2$aB$p31142042823958
=954  \\$81$aVolumes

