=LDR  06295cgm a22006735a 4500
=001  000505689
=003  NNU
=004  NYUb13493547
=005  20080207175822.0
=006  m\\\\\\\\z\\\\\\\\
=007  vd\cvaizu
=007  vf\ciahou
=007  cr\cna
=007  cr\|||||||||||
=008  070502e199112uumx\086\\\\\\\\\\\\vlspa\d
=024  7\$aHI2006_056_01$2nyu-hidvl
=024  7\$aHI2006.056_01$2nyu-hidvl
=040  \\$aNNU$cNNU$eamim
=043  \\$an-mx---
=245  03$aEl ejido en Navidad$h[videorecording].
=246  3\$aSegundo cachirulo :$bpastorela 'El ejido en Navidad'
=246  30$aPastorela 'El ejido en Navidad'
=260  \\$c1991 Dec.
=300  \\$3master.$a1 videocassette of 1 (Digital Betacam) (86 min.) :$bsd., col. ;$c1/2 in.
=300  \\$3viewing copy.$a1 videodisc of 1 (DVD) (86 min.) :$bsd., col. ;$c4 3/4 in.
=490  1\$aEl Hábito collection
=530  \\$aAlso available online as streaming video.
=546  \\$aIn Spanish.
=500  \\$aTitle supplied by Hemispheric Institute.
=500  \\$aPart of the Hemispheric Institute Digital Video Library.
=534  \\$pMedia source original:$e1 videocassette of 1 (VHS) : sd., col. ; 1/2 in. SP.$mSony T120.
=518  \\$aPerformed at Teatro Bar El Hábito, Mexico City, in Dec. 1991.
=508  \\$aJesusa Rodríguez, writer, director, producer ; Liliana Felipe, producer ; Malú Huacuja, writer
=511  1\$aJesusa Rodríguez, Enrique Alonso, Ramón Barragán, Darío Pie, Paloma Woolrich, Humberto Leiva, Pilar Bolivier, Manuel Poncelis.
=520  \\$aUnedited video documentation of cabaret performance by renowned artists Jesusa Rodríguez and Liliana Felipe. 'El ejido en Navidad', in the tradition of the yearly 'pastorelas' (Nativity plays) performed at the Teatro Bar El Hábito in Mexico City, poses a satiric critique to current political events in Mexico's public sphere. Presented as a fairytale-gone-wrong (presented by Cachirulo, legendary children's TV character by Enrique Alonso, and 'betwitched' by Cachirulo's TV characters Bruja Escaldufa and Fanfarrón), the piece poses an anti-Establishment take on the agrarian reforms proposed by then President Carlos Salinas de Gortari (through his controversial Ammendment to Article 27 of Mexico's Constitution). These reforms directly affected the organizational units known as 'ejidos' - hence the Spanish pun between 'el ejido' ('the ejido') and 'elegido' ('the Chosen One', a Christian epithet common in Nativity plays). Corruption, embezzlement and political violence roam rural Mexico while legendary political figures and fictional characters visit an impoverished, disempowered peasant couple. The constant abuses, endured patiently by the peasantry and indigenous peoples, evidence how political promises of progress and of inclusion in the 'national project' end up as nightmares of oppression for millions of Mexicans through history. Mexican director, actress, playwright, performance artist, scenographer, entrepreneur, and social activist Jesusa Rodríguez has been called the most important woman of Mexico. Often referred to as a 'chameleon,' Rodríguez moves seemingly effortlessly and with vigor across the spectrum of cultural forms, styles, and tones. Her 'espectáculos' (as both spectacles and shows) challenge traditional classification, crossing with ease generic boundaries: from elite to popular to mass, from Greek tragedy to cabaret, from pre-Columbian indigenous to opera, from revue, sketch and 'carpa,' to performative acts within political projects. Humor, satire, linguistic play, and the body are constants in her productions. She seeks to render corporal and, thus, visible, the tensions between the discourses in operation on and through the individual and collective body. Rodriguez's energy is intense and her commitment non-negotiable, always interrogating the nature, site, and consequences of power and its representation. Liliana Felipe, one of Latin America's foremost singers and composers, was born in Argentina in the 1950s. She left for Mexico just before the outbreak of the 'Dirty War' (1976), but her sister and brother-in-law were both 'disappeared'--victims of the military dictatorship's criminal politics. Liliana's music has a wide following in Latin America. She continues to be a powerful presence in Argentina, working with human rights organizations--especially H.I.J.O.S. (the organization of the children of the disappeared). In Mexico, Liliana went to one of Jesusa Rodríguez's performances. Jesusa, catching a glimpse of Felipe in the audience, remembers saying to herself: 'I am going to die with that woman.' Since then, Liliana and Jesusa have created two performance spaces, El Cuervo and later El Hábito in Coyoacán, Mexico City, that they still run. They 'married' in February 2000. El Hábito (www.elhabito.com.mx) is a hotbed for intellectuals, feminists, gay rights activists and open-minded, progressive people who want to be engaged by a smart and critical humor. In this off-off space, and with the collaboration of their theater cooperative Las Divas, Jesusa y Liliana have produced hundreds of shows since the 1980s.
=540  \\$aThere are copyright restrictions on this collection. For more information, go to the online version of this video.
=600  00$aJesus Christ$xNativity$vDrama.
=655  \0$aPolitical satire.
=650  \0$aLand reform$zMexico.
=650  \0$aEjidos$xLaw and legislation$zMexico.
=653  \\$aAgrarian reform
=655  \7$aPerformance.$2nyu-hidvl
=655  \7$aCabaret.$2nyu-hidvl
=655  \7$aTheater.$2nyu-hidvl
=655  \7$aPolitical performance.$2nyu-hidvl
=655  \7$aSatire.$2nyu-hidvl
=655  \7$aQueer performance.$2nyu-hidvl
=700  1\$aRodríguez, Jesusa.$4pro$4aut$4drt$4prf
=700  1\$aFelipe, Liliana.$4pro
=700  1\$aHuacuja, Malú.$4aut
=710  2\$aTeatro Bar el Hábito.
=710  2\$aHemispheric Institute Digital Video Library.
=830  \0$aJesusa Rodríguez & Liliana Felipe : El Hábito collection.
=856  40$uhttp://hdl.handle.net/2333.1/8sf7m0kc

