=LDR  06144cgm a22006975a 4500
=001  001097505
=003  NNU
=004  NYUb12917697
=005  20100805120112.0
=006  m\\\\\\\\z\\\\\\\\
=007  vd|cvaizu
=007  vf|ciahou
=007  vd|cvaizu
=007  cr\|||||||||||
=008  040630e199111uumx\095\\\\\\\\\\\\vlspa\d
=024  7\$aHI2004_033_01$2nyu-hidvl
=024  7\$aHI2004.033_01$2nyu-hidvl
=024  7\$aHI2004.033_01$2nyu-hidvl
=040  \\$aNNU$cNNU$eamim
=043  \\$an-mx---
=245  00$aChavela Vargas en vivo en El Hábito (versión sin editar)$h[videorecording].
=246  31$aChavela Vargas live at El Hábito (uncut version)
=246  3\$aChavela Vargas en persona (versión sin editar)
=250  \\$aUncut version.
=260  \\$c1991 Nov.
=300  \\$3viewing copy.$a1 videodisc of 1 (DVD) (95 min.) :$bsd., col. ;$c4 3/4 in.
=300  \\$3master.$a1 videocassette of 1 (Digital Betacam) (95 min.) :$bsd., col. ;$c1/2 in.
=490  1\$aEl Hábito collection
=530  \\$aAlso available online as streaming video.
=546  \\$aIn Spanish.
=500  \\$aTitle supplied by Hemispheric Institute.
=500  \\$aPart of the Hemispheric Institute Digital Video Library.
=518  \\$aRecorded at Teatro Bar El Hábito, Mexico City, Mexico, in Nov. 1991.
=508  \\$aJesusa Rodríguez, Liliana Felipe, The Wide Angles, Susan Muska, producers ; Eduardo Rivas, production assistant ; Hrafnhildur Gunnarsdottir, videographer.
=511  1\$aChavela Vargas, featured singer ; Marcela Rodríguez, musician ; Oscar, musician ; Jesusa Rodríguez, Liliana Felipe, introductions, guest singers.
=534  \\$pMedia source original:$e1 videocassette of 1 (VHS) (95 min.) : sd., col. ; 1/2 in.
=520  \\$aAt age 72, after 13 years of silence due to problems with alcohol, Mexican legendary singer Chavela Vargas returns to the stage for the first time at Teatro-Bar El Hábito in 1991. With visible excitement and emotion, she sings from her famous repertoire of classic Ranchera songs, including 'Macorina', 'La Llorona' and 'Soledad'. The video alterates footage from the concert with interviews with Chavela, conducted by El Hábito co-founder Jesusa Rodríguez, where Vargas comments on her singing style, her struggles with alcoholism and depression, and her thoughts on life and death. Also included is a clip of Liliana Felipe and Jesusa Rodríguez singing the ode to Chavela Vargas, 'Doña Chavela'. This is the uncut version of the acoustic live concert, included in 'El Hábito' collection as a supplement to the edited version of the live concert produced by The Wide Angles, which includes an interview with Chavela, conducted by El Habito co-founder Jesusa Rodríguez. Mexican director, actress, playwright, performance artist, scenographer, entrepreneur, and social activist Jesusa Rodréguez has been called the most important woman of Mexico. Often referred to as a 'chameleon', Rodríguez moves seemingly effortlessly and with vigor across the spectrum of cultural forms, styles, and tones. Her 'espectáculos' (as both spectacles and shows) challenge traditional classification, crossing with ease generic boundaries: from elite to popular to mass, from Greek tragedy to cabaret, from pre-Columbian indigenous to opera, from revue, sketch and 'carpa', to performative acts within political projects. Humor, satire, linguistic play, and the body are constants in her productions. She seeks to render corporal and, thus, visible, the tensions between the discourses in operation on and through the individual and collective body. Rodriguez's energy is intense and her commitment non-negotiable, always interrogating the nature, site, and consequences of power and its representation. Liliana Felipe, one of Latin America's foremost singers and composers, was born in Argentina in the 1950s. She left for Mexico just before the outbreak of the 'Dirty War' (1976), but her sister and brother-in-law were both 'disappeared'--victims of the military dictatorship's criminal politics. Liliana's music has a wide following in Latin America. She continues to be a powerful presence in Argentina, working with human rights organizations--especially H.I.J.O.S. (the organization of the children of the disappeared). In Mexico, Liliana went to one of Jesusa Rodríguez's performances. Jesusa, catching a glimpse of Felipe in the audience, remembers saying to herself: 'I am going to die with that woman.' Since then, Liliana and Jesusa have created two performance spaces, El Cuervo and later El Hábito in Coyoacán, Mexico City, that they still run. They 'married' in February 2000. El Hábito (www.elhabito.com.mx) is a hotbed for intellectuals, feminists, gay rights activists and open-minded, progressive people who want to be engaged by a smart and critical humor. In this off-off space, and with the collaboration of their theater cooperative Las Divas, Jesusa y Liliana have produced hundreds of shows since the 1980s.
=540  \\$aThere are copyright restrictions on this collection. For more information, go to the online version of this video.
=600  10$aVargas, Chavela$vInterviews.
=650  \0$aMusic$zMexico.
=655  \7$aPerformance.$2nyu-hidvl
=655  \7$aConcert.$2nyu-hidvl
=655  \7$aLive music.$2nyu-hidvl
=655  \7$aLesbian performance.$2nyu-hidvl
=655  \7$aPerformances.$2aat
=700  1\$aRodríguez, Jesusa.$4ivr$4pro$4sng
=700  1\$aFelipe, Liliana.$4pro$4sng
=700  1\$aMuska, Susan,$d1958-$4pro
=700  1\$aRivas, Eduardo.$4prd
=700  1\$aGunnarsdottir, Hrafnhildur.$4vdg
=700  1\$aVargas, Chavela.$4sng$4ive
=710  2\$aWide Angles.$4pro
=710  2\$aHemispheric Institute Digital Video Library.
=830  \0$aJesusa Rodríguez & Liliana Felipe : El Hábito collection.
=856  40$uhttp://hdl.handle.net/2333.1/vt4b8h50

