=LDR  06625cgm a2200817 a 4500
=001  001103711
=003  NNU
=004  NYUb12924367
=005  20140421141118.0
=006  m\\\\\\\\z\\\\\\\\
=007  vd|cvaizu
=007  vf|ciahou
=007  vd|cvaizu
=007  cr\|||||||||||
=008  031014e199112uumx\104\\\\\\\\\\\\vlspa\d
=024  7\$aHI2004_037_A_01$2nyu-hidvl
=024  7\$aHI2004_037_B_01$2nyu-hidvl
=024  7\$aHI2004.037_01_A$2nyu-hidvl
=040  \\$aNNU$cNNU$eamim
=041  0\$aspa
=043  \\$an-mx---
=079  \\$a(OCoLC)85032036
=245  00$aHomenaje a Cri-Cri$h[videorecording]
=246  3\$aCri-Cri (an homage)
=260  \\$c1991.
=300  \\$3viewing copy.$a2 videodiscs of 2 (DVD) (104 min.) :$bsd., col. ;$c4 3/4 in.
=300  \\$3master.$a2 videocassettes of 2 (Digital Betacam) (104 min.) :$bsd., col. ;$c1/2 in.
=490  1\$aEl Hábito collection
=530  \\$aAlso available online as streaming video.
=546  \\$aIn Spanish.
=500  \\$aTitle supplied by Hemispheric Institute.
=500  \\$aPart of the Hemispheric Institute Digital Video Library.
=534  \\$pMedia source original:$e1 videocassette (VHS) (104 min.) : sd., col. ; 1/2 in.$mMaxell T-120.
=518  \\$aPerformed at Teatro Bar El Hábito, Mexico City, Mexico, in Dec. 1991.
=508  \\$aJesusa Rodríguez, producer, director ; Liliana Felipe, producer, music director.
=511  0\$aLiliana Felipe, musician ; Mercedes Gómez, musician ; Víctor Flores, musician ; Julieta Cedillo, musician.
=511  1\$aJesusa Rodríguez, protagonist ; Paz Águila, protagonist ; Adriana Díaz de Léon, protagonist ; Eugenia Léon, protagonist ; DIVAS ensemble, cast.
=520  \\$aThis cabaret performance is a satiric homage to Mexico's famous songwriter Francisco Gabilondo, whose children's radio show, broadcasted for almost 30 years (1934-1961) introduced the iconic character 'Cri-Cri, El Grillito Cantor' ('Cri-Cri, The Little Singing Grasshopper'). Jesusa Rodríguez, playing the part of a sadistic elementary schoolteacher, orchestrates a 'recital of fifth graders' (featuring Mexican singers Adriana Díaz de León and Eugenia León, along with the cast from cabaret ensemble Divas), where Gabilondo's songs are juxtaposed with satiric interpretations, confronting naive lyrics with violent behavior, drug dealing, graffiti painting, etc. Their social critique is highlighted by the attitude of Rodríguez's character, a religious teacher aligned to the government in power, whose prejudices are evident in her attempt to conduct a 'didactic tribute' while insulting the songwriter, the audience, and the students. 
=520  \\$aThe 'homage,' comprising nineteen well-known Cri-Cri songs like 'La marcha de las letras,' 'La muñeca fea,' 'Di ¿por qué?,' 'El comal y la olla,' and 'El chorrito,' features Paz Águila (famous Mexican bolero singer of the duet 'Las Hermanas Águila'), with an ensemble of 'grasshopper' musicians directed by Liliana Felipe. Mexican director, actress, playwright, performance artist, scenographer, entrepreneur, and social activist Jesusa Rodréguez has been called the most important woman of Mexico. Often referred to as a chameleon, Rodríguez moves seemingly effortlessly and with vigor across the spectrum of cultural forms, styles, and tones. Her espectáculos (as both spectacles and shows) challenge traditional classification, crossing with ease generic boundaries: from elite to popular to mass, from Greek tragedy to cabaret, from pre-Columbian indigenous to opera, from revue, sketch and carpa, to performative acts within political projects.   
=520  \\$aHumor, satire, linguistic play, and the body are constants in her productions. She seeks to render corporal and, thus, visible, the tensions between the discourses in operation on and through the individual and collective body. Rodriguezs energy is intense and her commitment non-negotiable, always interrogating the nature, site, and consequences of power and its representation. Liliana Felipe, one of Latin America's foremost singers and composers, was born in Argentina in the 1950s. She left for Mexico just before the outbreak of the 'Dirty War' (1976), but her sister and brother-in-law were both 'disappeared'--victims of the military dictatorship's criminal politics. Liliana's music has a wide following in Latin America. She continues to be a powerful presence in Argentina, working with human rights organizations--especially H.I.J.O.S. (the organization of the children of the disappeared). In Mexico, Liliana went to one of Jesusa Rodríguez's performances.   
=520  \\$aJesusa, catching a glimpse of Felipe in the audience, remembers saying to herself: I am going to die with that woman. Since then, Liliana and Jesusa have created two performance spaces, El Cuervo and later El Hábito in Coyoacán, Mexico City, that they still run. They 'married' in February 2000. El Hábito (www.elhabito.com.mx) is a hotbed for intellectuals, feminists, gay rights activists and open-minded, progressive people who want to be engaged by a smart and critical humor. In this off-off space, and with the collaboration of their theater cooperative Las Divas, Jesusa y Liliana have produced hundreds of shows since the 1980s.  
=540  \\$aThere are copyright restrictions on this collection. For more information, go to the online version of this video.
=600  10$aGabilondo, Francisco.
=651  \0$aMexico$xSocial conditions$y20th century.
=655  \7$aPerformance.$2nyu-hidvl
=655  \7$aCabaret.$2nyu-hidvl
=655  \7$aMusical theater.$2nyu-hidvl
=655  \7$aTribute.$2nyu-hidvl
=655  \7$aSatire.$2nyu-hidvl
=655  \7$aQueer performance.$2nyu-hidvl
=700  1\$aRodríguez, Jesusa.$4pro$4drt$4prf
=700  1\$aFelipe, Liliana.$4pro$4drt$4mus
=700  1\$aGómez, Mercedes.$4mus
=700  1\$aFlores, Víctor.$4mus
=700  1\$aCedillo, Julieta.$4mus
=700  1\$aÁguila, Paz.$4prf
=700  1\$aDíaz de León, Adriana.$4prf
=700  1\$aLeón, Eugenia.$4prf
=710  2\$aDIVAS ensemble.$4prf
=710  2\$aHemispheric Institute Digital Video Library.
=830  \0$aJesusa Rodríguez & Liliana Felipe : El Hábito collection.
=853  00$81$apt.
=863  50$81.1$aA$p31142042823719
=863  50$81.2$aB$p31142042823727
=856  40$uhttp://hdl.handle.net/2333.1/1ns1rnb0
=954  \\$81$aVolumes

