=LDR  05676cgm a2200757 a 4500
=001  000549820
=003  NNU
=004  NYUb13541683
=005  20140418143927.0
=006  m\\\\\\\\z\\\\\\\\
=007  vd\cvaizu
=007  vf\ciahou
=007  cr\cna
=007  vd\cvaizu
=007  cr\|||||||||||
=008  071004s1991\\\\xx\046\\\\\\\\\\\\vleng\d
=024  7\$aHI2007_195_A_01$2nyu-hidvl
=024  7\$aHI2007.195_01_A$2nyu-hidvl
=035  \\$a(NYU)NYUb13541683
=040  \\$aNNU$cNNU$eamim
=041  0\$aeng$aspa
=043  \\$anwpr---$an-us---
=245  04$aThe wedding march$h[videorecording].
=260  \\$c1991.
=300  \\$3master.$a1 videocassette of 1 (Digital Betacam) (46 min.) :$bsd., col. ;$c1/2 in.
=300  \\$3viewing copy.$a1 videodisc of 1 (DVD) (46 min.) :$bsd., col. ;$c4 3/4 in.
=490  1\$aTeatro Pregones collection
=500  \\$aDisc also contains HI2007.195_02_A (Part A of: "El apagón").
=530  \\$aAlso available online as streaming video.
=546  \\$aIn English and Spanish.
=500  \\$aTitle supplied by Hemispheric Institute.
=500  \\$aPart of the Hemispheric Institute Digital Video Library.
=534  \\$pMedia source original:$e1 videocassette of 1 (VHS) : sd., col. ; 1/2 in. SP.$mTDK T-120 HS.
=518  \\$aPerformed at Pregones @ St. Ann's, The Bronx, New York, in 1991.
=508  \\$aPregones Theater, producer, sets, costumes & lights ; based on the book 'Silent Dancing: A Partial Remembrance of Growing Up Puerto Rican' by Judith Ortiz Cofer ; Rosalba Rolón with Pregones, adaptation ; Cristina Hernández, Ricardo Pons, music ; Rosalba Rolón, Jorge B. Merced, directors ; Jorge B. Merced, choreography ; Ricardo Pons, musical director ; Euclides Santiago, photographs.
=511  1\$aJudith Rivera, Rafael Decena, César Rodríguez ; Ricardo Pons (musician), Alberto Toro (musician), Desmar Guevara (musician).
=520  \\$aFramed by two male figures dressed in tuxedos, a Puerto Rican woman relives the timeless folktales of love and wisdom told by the women of her family for generations. She is a passionate poet and writer, invested in celebrating her own heritage while at the same time challenging the definitions of womanhood and romance passed on by generations of women in her family. She constantly navigates the dual identity formed by having grown up in two very different worlds: the tropical island and 'Los Nuevayores' (that other place away from the island.) By way of her grandmother, she is a skilled and eloquent storyteller. Her companions are two parts of the same man, one being Spanish dominant and the other English dominant. They both give life to the eternal inhabitant of the poetic world created by the writer: a Latino leading man. They are able to embody her varying definitions of manhood. 
=520  \\$aForm a menacing thief that terrorized the Caribbean during the 18th Century, to a gentle young man brought up as a girl by his widowed mother, to the author's memory of her father. 'The Wedding March' premiered at Pregones @ St. Ann's in The Bronx NY, in 1991. Founded in 1979 and based in The Bronx, New York City, Pregones Theater (http://www.pregones.org) has performed in more than 400 cities and 13 countries. The company enjoys citywide recognition for their lasting contributions to the performing arts field and are recipients of numerous distinctions including current Leading National Ensemble Theatre Designation from the Doris Duke Charitable Foundation and the Andrew W.   
=520  \\$aMellon Foundation, Primary Cultural Institution Designation from the New York State Council on the Arts, the New York State Governor's Arts Award, the Culture & Humanities Award from the Center for Puerto Rican Studies, numerous artist and production awards, as well as invitations to appear at international festivals and events. Over the years Pregones has developed a style that combines theater, music and movement, oral and written traditions, and a signature urban sensibility. The ensemble draws from popular Puerto Rican artistic expressions and literature to create and stage its work. Today, Pregones has grown to be one of the leading Puerto Rican/Latino theater theaters in the United States. From migrations to indigenous mythologies to subway stories, the company's repertoire covers a growing sample of Latino experiences and identities.  
=540  \\$aThere are copyright restrictions on this collection. For more information, go to the online version of this video.
=650  \0$aTheater$zPuerto Rico.
=600  10$aCofer, Judith Ortiz,$d1952-$tSilent dancing.
=650  \0$aImmigrants.
=650  \0$aPuerto Ricans$zUnited States.
=650  \0$aHispanic Americans.
=651  \0$aUnited States$xEmigration and immigration.
=651  \0$aPuerto Rico$xEmigration and immigration.
=653  \\$aLatina
=655  \7$aPerformance.$2nyu-hidvl
=655  \7$aTheater.$2nyu-hidvl
=655  \7$aLatino theater.$2nyu-hidvl
=655  \7$aBoricua theater.$2nyu-hidvl
=655  \7$aPuerto Rican theater.$2nyu-hidvl
=655  \7$aBilingual theater.$2nyu-hidvl
=700  1\$aRolón, Rosalba.$4adp$4drt
=700  1\$aMerced, Jorge B.$4drt$4chr
=700  1\$aHernández, Cristina.$4mus
=700  1\$aPons, Ricardo.$4mus$4drt
=710  2\$aPregones Theatre (New York, N.Y.)$4pro$4adp$4std$4cst
=710  2\$aHemispheric Institute Digital Video Library.
=830  \0$aTeatro Pregones collection.
=856  40$uhttp://hdl.handle.net/2333.1/z08kps2t

