=LDR  04234cgm a2200469 a 4500
=001  003961754
=005  20140421225105.0
=006  m\\\\\\\\c\\\\\\\\
=007  cr\cna|||m|||a
=007  cr\|||||||||||
=008  140307e19910807ncu034\\\\\\\\s\\\vleng\d
=024  7\$aHI2013_008_01$2nyu-hidvl
=040  \\$aNNU$beng$cNNU
=041  0\$aeng
=245  00$aInterview with Roberta Uno$h[videorecording].
=246  31$aRoberta Uno
=260  \\$c1991 Aug. 7.
=300  \\$3viewing copy.$astreaming video (33 min., 10 sec.) :$bsd., col.
=490  1\$aNew WORLD Theater collection
=546  \\$aIn English.
=500  \\$aTitle supplied by Hemispheric Institute.
=500  \\$aPart of the Hemispheric Institute Digital Video Library.
=518  \\$aRecorded at the Black Theatre Festival in North Carolina on August 7, 1991.
=508  \\$aNew WORLD Theater, producer.
=511  0\$aRoberta Uno, interviewee ; Kathy Perkins , interviewer.
=520  \\$aFrom 1979-2009, the New WORLD Theater worked at the intersection of artistic practice, community engagement, scholarship, and activism toward a vision of a 'new world' - one that broke the confines of multiculturalism and was an artistic harbinger of America's shifting demographics. From a geographic 'outpost' in New England, New WORLD Theater evolved from a community organizing project and the Northeast point on a theater touring compass, to a protective studio to hone new work, a site of international intersections from South Africa to the South Bronx, and the home of inspired and rigorous collaborations with Western Massachusetts youth. New performance work development at New WORLD defied the conventional theater play lab as ghetto for artists of color; artists were met where they wanted to be in the imagining of new approaches, methods, and production.
=520  \\$aThis video documentation features an interview with Roberta Uno, founder and artistic director of New WORLD Theater at the Fine Arts Center at the University of Massachusetts in Amherst. She gives an account of New WORLD Theater’s historical trajectory, highlighting the fact that working with young performers from diverse ethnic and racial backgrounds require both a critical and committed perspective. Following the mission of providing a multi-cultural space and stage for artists of color, and contrary to the idea of a ‘melting pot,’ she proposes to show the individualities of each tradition, and look for productive dialogues from a comparative approach, which acknowledges and respects similarities and differences. Uno also underlines the importance of funding the theater space through allies in the community and their support to generate a space for cultural diverse work – a work that can only be developed collaboratively. Uno extends this dialogue into the process of reaching out to the local theater community and working directly with individuals to create performance works that defy cultural biases that a traditional framework may impose upon artists of color. In 1991, New WORLD Theater was in itself a big achievement, being ahead of its time as a cultural institution. By the second decade of the 21st century, it is possible not only to see the development of a visionary project, but also to understand Roberta Uno’s awareness of archiving artistic pieces, and to organize them by topics so that they can be accessible for researchers and artists.
=534  \\$pMedia source original:$e1 videocassette of 1 (VHS) : sd., col. ; 1/2 in. SP.$mMaxell T-120 STD.
=540  \\$aThere are copyright restrictions on this collection. For more information, go to the online version of this video.
=600  10$aUno, Roberta,$d1956-$vInterviews.
=610  20$aNew WORLD Theater.
=650  \0$aPerforming arts and youth.
=650  \0$aSocial justice.
=650  \0$aRace in the theater$xPolitical aspects.
=655  \7$aInterview.$2nyu-hidvl
=700  1\$aUno, Roberta,$d1956-$4ive
=700  1\$aPerkins, Kathy.$4ivr
=710  2\$aNew WORLD Theater.$4pro
=710  2\$aHemispheric Institute Digital Video Library.
=830  \0$aNew WORLD Theater collection.
=856  40$uhttp://hdl.handle.net/2333.1/73n5tcs2

