=LDR  04357cgm a22007215a 4500
=001  000515372
=003  NNU
=004  NYUb13504295
=005  20071210173430.0
=006  m\\\\\\\\z\\\\\\\\
=007  vd\cvaizu
=007  vf\ciahou
=007  cr\cna
=007  cr\|||||||||||
=008  070612e19910923nyu066\\\\\\\\\\\\vleng\d
=024  7\$aHI2007_041_01$2nyu-hidvl
=024  7\$aHI2007.041_01$2nyu-hidvl
=040  \\$aNNU$cNNU$eamim
=245  00$aMonsieur-madame$h[videorecording]
=246  3\$aStaged reading of Monsieur-madame
=260  \\$c1991 Sept. 23.
=300  \\$3master.$a1 videocassette of 1 (Digital Betacam) (66 min.) :$bsd., col. ;$c1/2 in.
=300  \\$3viewing copy.$a1 videodisc of 1 (DVD) (66 min.) :$bsd., col. ;$c4 3/4 in.
=490  1\$aSplit Britches video collection
=530  \\$aAlso available online as streaming video.
=500  \\$aA staged reading of Ginka Steinwachs text Monsieur-Madame.
=500  \\$aTitle supplied by Hemispheric Institute.
=500  \\$aPart of the Hemispheric Institute Digital Video Library.
=534  \\$pMedia source original:$e1 videocassette of 1 (VHS) : sd., col. ; 1/2 in. SP.$mTDK T120HSN.
=518  \\$aPerformed at La Mama Experimental Theatre Club, New York City, on Sept. 23, 1991.
=508  \\$aSplit Britches, producer ; Lois Weaver, Peggy Shaw, directors ; Ginka Steinwachs, writer ; Laka Daisical, musical director ; Susan Young, design.
=511  1\$aLois Weaver, Peggy Shaw, Lavinia Co-op, Paul Shaw, Peg Healey, Maureen Angelos, Lisa Kron, Dominique Dibbell, Babs Davy.
=520  \\$aSince 1981, the Split Britches Company (founded by Lois Weaver, Peggy Shaw, and Deb Margolin, www.splitbritches.com) has written and performed in trio, duet, and solo, as well as collaborated and performed with other artists. They describe their work in this way: 'Our work is rooted in popular culture, but positioned against it. It relies on moments rather than plot, relationships rather than story. It depends on the surprise of transformation rather than the logic of psychological narrative. It straddles the line between performance and theater, exploiting theatricality while exposing the pretense. It is about a community of outsiders, queers, eccentrics. It is feminist because it encourages the imaginative potential in everyone and lesbian because it takes the presence of lesbian on stage as a given.' Their vaudevillian satirical gender-bending performances have received numerous awards, including a Jane Chamber award and four Village Voice OBIE awards. Their collection of scripts, 'Split Britches Feminist Performance/Lesbian Practice', edited by Sue Ellen Case, won the 1997 Lambda Literary Award for Drama. This video documents a staged reading of Ginka Steinwachs' text 'Monsieur-Madame'. Directed by Lois Weaver and Peggy Shaw, the performance is a collaboration between Split Britches and legendary queer theater troupes Bloolips and The Five Lesbian Brothers.
=540  \\$aThere are copyright restrictions on this collection. For more information, go to the online version of this video.
=600  10$aSteinwachs, Ginka.$tMonsieur-Madame.
=650  \0$aLesbian theater.
=650  \0$aFeminist theater.
=650  \0$aGay theater.
=653  \\$aQueer theater
=655  \7$aPerformance.$2nyu-hidvl
=655  \7$aTheater.$2nyu-hidvl
=655  \7$aLesbian theater.$2nyu-hidvl
=655  \7$aFeminist theater.$2nyu-hidvl
=655  \7$aStaged reading.$2nyu-hidvl
=655  \7$aPerformances (entertainment events).$2aat
=655  \7$aPerformance art.$2aat
=655  \7$aTheater (discipline).$2aat
=655  \7$aDramatic readings.$2aat
=700  1\$aWeaver, Lois.$4drt$4prf
=700  1\$aShaw, Peggy.$4drt$4prf
=700  1\$aSteinwachs, Ginka.$tMonsieur-Madame.
=710  2\$aSplit Britches (Theatre company)$4pro
=710  2\$aBloolips (Theater troupe)
=710  2\$aFive Lesbian Brothers (Theater troupe)
=710  2\$aLa Mama Experimental Theatre Club.
=710  2\$aHemispheric Institute Digital Video Library.
=830  \0$aSplit Britches video collection.
=856  40$uhttp://hdl.handle.net/2333.1/kh189395

