=LDR  04522cgm a22007455a 4500
=001  000515808
=003  NNU
=004  NYUb13504763
=005  20140421144351.0
=006  m\\\\\\\\z\\\\\\\\
=007  vd\cvaizu
=007  vf\ciahou
=007  cr\cna
=007  \\vd
=007  cr\|||||||||||
=008  070612s1991\\\\nyu108\\\\\\\\\\\\vleng\d
=024  7\$aHI2007_047_A_01$2nyu-hidvl
=024  7\$aHI2007_047_B_01$2nyu-hidvl
=024  7\$aHI2007.047_01_A$2nyu-hidvl
=035  \\$a(NYU)NYUb13504763
=040  \\$aNNU$cNNU$eamim
=245  00$aBelle reprieve$h[videorecording].
=260  \\$c1991.
=300  \\$3master.$a2 videocassettes of 2 (Digital Betacam) (108 min.) :$bsd., col. ;$c1/2 in.
=300  \\$3viewing copy.$a2 videodiscs of 2 (DVD) (108 min. : pt.A, 74 min. ; pt.B, 34 min.) :$bsd., col. ;$c4 3/4 in.
=490  1\$aSplit Britches video collection
=530  \\$aAlso available online as streaming video.
=500  \\$aTitle supplied by Hemispheric Institute.
=500  \\$aPart of the Hemispheric Institute Digital Video Library.
=534  \\$pMedia source original:$e1 videocassette of 1 (VHS) : sd., col. ; 1/2 in. SP.$mTDK T-160 EHG.
=518  \\$aPerformed at La Mama Experimental Theatre Club, New York City, in 1991.
=508  \\$aSplit Britches, producer ; Lois Weaver, director, writer ; Peggy Shaw, Bette Bourne, Paul Shaw, writers ; Laka Daisical, music ; Phil Booth, music ; Nancy Bardawil, Matthew Owens, set design ; Howard S. Thies, lighting design.
=511  1\$aLois Weaver, Peggy Shaw, Bette Bourne, Paul Shaw, Laka Daisical (musician).
=520  \\$aSince 1981, the Split Britches Company (founded by Lois Weaver, Peggy Shaw, and Deb Margolin, www.splitbritches.com) has written and performed in trio, duet, and solo, as well as collaborated and performed with other artists. They describe their work in this way: 'Our work is rooted in popular culture, but positioned against it. It relies on moments rather than plot, relationships rather than story. It depends on the surprise of transformation rather than the logic of psychological narrative. It straddles the line between performance and theater, exploiting theatricality while exposing the pretense. It is about a community of outsiders, queers, eccentrics. It is feminist because it encourages the imaginative potential in everyone and lesbian because it takes the presence of lesbian on stage as a given'. Their vaudevillian satirical gender-bending performances have received numerous awards, including a Jane Chamber award and four Village Voice OBIE awards. Their collection of scripts, 'Split Britches Feminist Performance/Lesbian Practice', edited by Sue Ellen Case, won the 1997 Lambda Literary Award for Drama. This video documents their performance 'Belle Reprieve'. Collaborating with legendary gay/drag performers Bloolips, Shaw and Weaver take on Tennessee Williams' 'A Streetcar Named Desire' and the mythic proportions of Stanley and Blanche. Both steamy and hysterical, 'Belle Reprieve' looks at gay and lesbian sex in the 1940's and both honors Williams and turns him on his head.
=540  \\$aThere are copyright restrictions on this collection. For more information, go to the online version of this video.
=600  10$aWilliams, Tennessee,$d1911-1983.$tStreetcar named Desire.
=650  \0$aGay theater.
=650  \0$aLesbian theater.
=650  \0$aFeminist theater.
=650  \0$aSex$xHistory$y20th century$vDrama.
=653  \\$aQueer theater
=655  \7$aPerformance.$2nyu-hidvl
=655  \7$aTheater.$2nyu-hidvl
=655  \7$aGay & lesbian theater.$2nyu-hidvl
=655  \7$aQueer performance.$2nyu-hidvl
=655  \7$aFeminist theater.$2nyu-hidvl
=655  \7$aPerformances (entertainment events).$2aat
=655  \7$aPerformance art.$2aat
=655  \7$aTheater (discipline).$2aat
=700  1\$aWeaver, Lois.$4drt$4aut$4prf
=700  1\$aShaw, Peggy.$4aut$4prf
=710  2\$aSplit Britches (Theatre company)$4pro
=710  2\$aBloolips (Theater troupe)
=710  2\$aLa Mama Experimental Theatre Club.
=710  2\$aHemispheric Institute Digital Video Library.
=830  \0$aSplit Britches video collection.
=853  00$81$apt.
=863  50$81.1$aA$p31142045845750
=863  50$81.2$aB$p31142045845743
=856  40$uhttp://hdl.handle.net/2333.1/p8cz8wk3
=954  \\$81$aVolumes

