=LDR  05045cgm a2200709 a 4500
=001  000561773
=003  NNU
=004  NYUb13554630
=005  20140421141904.0
=006  m\\\\\\\\z\\\\\\\\
=007  vd\cvaizu
=007  vf\ciahou
=007  cr\cna
=007  \\vd
=007  cr\|||||||||||
=008  071115e19910531nyu115\\\\\\\\\\\\vleng\d
=024  7\$aHI2005_026_A_01$2nyu-hidvl
=024  7\$aHI2005_026_B_01$2nyu-hidvl
=024  7\$aHI2005.026_01_A$2nyu-hidvl
=035  \\$a(NYU)NYUb13554630
=040  \\$aNNU$cNNU$eamim
=245  00$aWhite Eagle in concert$h[videorecording]
=246  3\$iTitle on DVD cover and title screen:$aWhite Eagle
=260  \\$c1991 May 31.
=300  \\$3master.$a2 videocassettes of 2 (Digital Betacam) (115 min.) :$bsd., col. ;$c1/2 in.
=300  \\$3viewing copy.$a2 videodiscs of 2 (DVD) (115 min. : pt.A, 92 min. ; pt.B, 23 min.) :$bsd., col. ;$c4 3/4 in.
=490  1\$aAmerican Indian Community House collection
=530  \\$aAlso available online as streaming video.
=500  \\$aTitle supplied by Hemispheric Institute.
=500  \\$aPart of the Hemispheric Institute Digital Video Library.
=534  \\$pMedia source original:$e1 videocassette of 1 (VHS) : analog sd., col. ; 1/2 in.
=518  \\$aPerformed at The American Indian Community House, New York City, on May 31, 1991.
=508  \\$aAmerican Indian Community House, producer ; White Eagle, creator.
=511  0\$aWhite Eagle, tenor ; David Strickland, pianist ; Pura Fe, featured singer.
=520  \\$aConcert by White Eagle, tenor, accompanied by David Strickland on piano. The concert includes the Rudy Martin song Are you Really There? sung as a duet with Pura Fe. White Eagle (Rosebud Sioux), was the first American Indian to sing lead roles in American musical theater and opera. He graduated from the prestigious Merola Opera Program at the San Francisco Opera and has performed with the Pennsylvania Opera Theater, Florentine Opera, Cleveland Opera, and others. Pura Fe (Tuscarora), is a singer, composer, teacher, poet, dancer, and actress. She has studied with the American Ballet Theatre and Martha Graham, and has sung with the Mercer Ellington Orchestra. Fe is a founding member of Ulali, formerly known as Pura Fe, an a cappella Native women's trio that blends a variety of traditional and contemporary indigenous music of the Americas. 
=520  \\$aThe American Indian Community House (AICH) is an urban Indian center that services the needs of the Native people living in New York City and welcomes Native visitors to the city. AICH was founded in 1969 and has become a de facto neighborhood serving as a meeting place for the diverse Native community of the New York City area. The Community House offers a variety of services ranging from substance abuse and HIV counseling, to career assistance. It is also home to the only Indian owned and operated art gallery in New York City. The AICHs Performing Arts Department has become an important resource for Native visual and performance artists. Through its programming, performance has become an important educational vehicle, both for the Native and non-Native NY community. The Badger's Corner, initiated in the 1980s, is an education-via-entertainment vehicle for the AICHs visual and performing arts department programs.   
=520  \\$aTaking its name from the Pueblo legend of the four-legged creature who led the Pueblo people out of the underworld after the great flood, the intent of its programming is to inform and challenge people to rethink their concept(s) of Native American people and customs. All performances at AICH are presented under the auspices of the Badgers Corner. Indian Summer is an annual event at AICH and an occasion for artists to present their latest works to the community and the general public. All performers, whether new to the field or veteran practitioners, are encouraged to present their work.  
=540  \\$aThere are copyright restrictions on this collection. For more information, go to the online version of this video.
=650  \0$aIndians$vMusic.
=650  \0$aIndian musicians.
=650  \0$aTenors (Singers)
=650  \0$aMale singers.
=650  \0$aWomen singers.
=655  \7$aPerformance.$2nyu-hidvl
=655  \7$aConcert.$2nyu-hidvl
=655  \7$aOpera.$2nyu-hidvl
=655  \7$aAmerican Indian performance.$2nyu-hidvl
=700  0\$aWhite Eagle$c(Musician)$4cre$4sng
=700  1\$aStrickland, David.$4mus
=700  0\$aPura Fé$4sng
=710  2\$aAmerican Indian Community House (New York, N.Y.)$4pro
=710  2\$aHemispheric Institute Digital Video Library.
=830  \0$aAmerican Indian Community House collection.
=853  00$81$apt.
=863  50$81.1$aA$p31142046121482
=863  50$81.2$aB$p31142046121490
=856  40$uhttp://hdl.handle.net/2333.1/cz8w9gsq
=954  \\$81$aVolumes

