=LDR  04344cgm  2200649 a 4500
=001  000560653
=003  NNU
=004  NYUb13553484
=005  20100805113952.0
=006  m\\\\\\\\z\\\\\\\\
=007  vd\cvaizu
=007  vf\ciahou
=007  cr\cna
=007  cr\|||||||||||
=008  071114s1991\\\\nyu006\\\\\\\\\\\\vleng\d
=024  7\$aHI2005_015_01$2nyu-hidvl
=024  7\$aHI2005.015_01$2nyu-hidvl
=035  \\$a(NYU)NYUb13553484
=040  \\$aNNU$cNNU$eamim
=245  00$aFollow your heart's desire$h[videorecording]
=246  33$aUlali :$bFollow your heart's desire
=246  33$aPura Fe :$bFollow your heart's desire
=260  \\$c1991.
=300  \\$a1 videocassette of 1 (Digital Betacam) (6 min.) :$bsd., col. ;$c1/2 in.$3master.
=300  \\$a1 videodisc of 1 (DVD) (6 min.) :$bsd., col. ;$c4 3/4 in.$3viewing copy.
=490  1\$aAmerican Indian Community House collection
=530  \\$aAlso available online as streaming video.
=500  \\$aTitle supplied by Hemispheric Institute.
=500  \\$aPart of the Hemispheric Institute Digital Video Library.
=534  \\$pMedia source original:$e1 videocassette of 1 (VHS) : analog sd., col. ; 1/2 in.
=518  \\$aPerformed at The American Indian Community House, New York City, in 1991.
=508  \\$aUlali, creator ; Ramin Niami, director ; American Indian Community House, producer ; Rob Kitson, producer ; Rosemary Richmond, executive producer ; Leslie Steinweiss, associate producer ; AICH/RSP, producer.
=511  0\$aUlali/Pura Fe, singing group ; Kevin Tarratn, traditional dancer ; Lance Richmond, traditional dancer ; Nikya Kuan, singer ; AICH community, chorus.
=520  \\$aThis 1991 Ulali music video for their song Follow Your Hearts Desire won Best Music Video at the American Indian Film Festival was played on VH-1, CNN, MTV, PBS and Much Music. Ulali (www.ulali.com) formerly known as Pura Fe, is an a cappella women's trio featuring three Native women singers, Pura Fe (Tuscarora), Soni Moreno (Apache/Mayan) and Jennifer Kreisberg (Tuscarora). Ulali blends a variety of traditional and contemporary indigenous music of the Americas, incorporating political, social and personal issues that affect all of humanity. By fusing outside influences with Native words and music, Ulali challenges notions of how traditional words and concepts are applicable in the modern world. The group can be heard on dozens of albums, documentaries and movies. The American Indian Community House (AICH) is an urban Indian center that services the needs of the Native people living in New York City and welcomes Native visitors to the city. AICH was founded in 1969 and has become a de facto neighborhood serving as a meeting place for the diverse Native community of the New York City area. The Community House offers a variety of services ranging from substance abuse and HIV counseling, to career assistance. It is also home to the only Indian owned and operated art gallery in New York City. The AICHs Performing Arts Department has become an important resource for Native visual and performance artists. Through its programming, performance has become an important educational vehicle, both for the Native and non-Native NY community.
=540  \\$aThere are copyright restrictions on this collection. For more information, go to the online version of this video.
=610  20$aUlali (Musical group)
=650  \0$aVocal trios, Unaccompanied.
=650  \0$aVocal trios.
=650  \0$aIndians of North America$vMusic.
=650  \0$aIndians$vMusic.
=650  \0$aIndian musicians.
=650  \0$aWomen singers.
=650  \0$aIndian women artists.
=655  \7$aMusic video.$2nyu-hidvl
=655  \7$aPerformance.$2nyu-hidvl
=655  \7$aAmerican Indian music.$2nyu-hidvl
=655  \7$aA cappella.$2nyu-hidvl
=655  \7$aNative American women performers.$2nyu-hidvl
=710  2\$aUlali (Musical group)$4cre$4prf
=710  2\$aAmerican Indian Community House (New York, N.Y.)$4pro
=710  2\$aHemispheric Institute Digital Video Library.
=830  \0$aAmerican Indian Community House collection.
=856  40$uhttp://hdl.handle.net/2333.1/jm63xst1

