=LDR  03940cgm  2200637 a 4500
=001  000561912
=003  NNU
=004  NYUb13554792
=005  20140421142013.0
=006  m\\\\\\\\z\\\\\\\\
=007  vd\cvaizu
=007  vf\ciahou
=007  cr\cna
=007  \\vd
=007  cr\|||||||||||
=008  071115s1991\\\\nyu113\\\\\\\\\\\\vleng\d
=024  7\$aHI2005_028_A_01$2nyu-hidvl
=024  7\$aHI2005_028_B_01$2nyu-hidvl
=024  7\$aHI2005.028_01_A$2nyu-hidvl
=040  \\$aNNU$cNNU$eamim
=245  00$aAmerican Indian Community House benefit$h[videorecording]
=260  \\$c1991.
=300  \\$a2 videocassettes of 2 (Digital Betacam) (113 min.) :$bsd., col. ;$c1/2 in.$3master.
=300  \\$a2 videodiscs of 2 (DVD) (113 min. : pt.A, 92 min. ; pt.B, 21 min.) :$bsd., col. ;$c4 3/4 in.$3viewing copy.
=490  1\$aAmerican Indian Community House collection
=530  \\$aAlso available online as streaming video.
=500  \\$aTitle supplied by Hemispheric Institute.
=500  \\$aPart of the Hemispheric Institute Digital Video Library.
=534  \\$pMedia source original:$e1 videocassette of 1 (VHS) : sd., col. ; 1/2 in.
=518  \\$aPerformed at The American Indian Community House, New York City, in 1991.
=508  \\$aAmerican Indian Community House, producer ; Curtis Harris (San Carlos Apache), introducer.
=511  0\$aPura Fe, Paul Carlos, Gil Silverbird, Paul Timothy, Raphael, performers.
=520  \\$aThe American Indian Community House (AICH) Benefit featured performances by professional, non-professional and emerging artists from within the community. The American Indian Community House (AICH) is an urban Indian center that services the needs of the Native people living in New York City and welcomes Native visitors to the city. AICH was founded in 1969 and has become a de facto neighborhood serving as a meeting place for the diverse Native community of the New York City area. The Community House offers a variety of services ranging from substance abuse and HIV counseling, to career assistance. It is also home to the only Indian owned and operated art gallery in New York City. The AICHs Performing Arts Department has become an important resource for Native visual and performance artists. Through its programming, performance has become an important educational vehicle, both for the Native and non-Native NY community. The Badger's Corner, initiated in the 1980s, is an education-via-entertainment vehicle for the AICHs visual and performing arts department programs. Taking its name from the Pueblo legend of the four-legged creature who led the Pueblo people out of the underworld after the great flood, the intent of its programming is to inform and challenge people to rethink their concept(s) of Native American people and customs. All performances at AICH are presented under the auspices of the Badgers Corner.
=540  \\$aThere are copyright restrictions on this collection. For more information, go to the online version of this video.
=650  \0$aIndians of North America$vMusic.
=650  \0$aIndian musicians.
=650  \0$aIndians$vMusic.
=650  \0$aFolk music.
=655  \7$aPerformance.$2nyu-hidvl
=655  \7$aConcert.$2nyu-hidvl
=655  \7$aBenefit concert.$2nyu-hidvl
=655  \7$aAmerican Indian music.$2nyu-hidvl
=655  \7$aNative American performance.$2nyu-hidvl
=710  2\$aAmerican Indian Community House (New York, N.Y.)$4pro
=710  2\$aHemispheric Institute Digital Video Library.
=830  \0$aAmerican Indian Community House collection.
=853  00$81$apt.
=863  50$81.1$aA$p31142046121524
=863  50$81.2$aB$p31142046121532
=856  40$uhttp://hdl.handle.net/2333.1/4f4qrftm
=954  \\$81$aVolumes

