=LDR  03494cgm a22006375a 4500
=001  000509510
=003  NNU
=004  NYUb13497728
=005  20080229173509.0
=006  m\\\\\\\\z\\\\\\\\
=007  vd\cvaizu
=007  vf\ciahou
=007  cr\cna
=007  cr\|||||||||||
=008  070517s1992\\\\cau015\\\\\\\\\\\\vleng\d
=024  7\$aHI2006_106_01$2nyu-hidvl
=024  7\$aHI2006.106_01$2nyu-hidvl
=040  \\$aNNU$cNNU$eamim
=043  \\$an------$as------
=245  00$aIndigurrito$h[videorecording].
=260  \\$c1992.
=300  \\$3master.$a1 videocassette of 1 (Digital Betacam) (15 min.) :$bsd., col. ;$c1/2 in.
=300  \\$3viewing copy.$a1 videodisc of 1 (DVD) (15 min.) :$bsd., col. ;$c4 3/4 in.
=490  1\$aNao Bustamante video collection
=530  \\$aAlso available online as streaming video.
=500  \\$aTitle supplied by Hemispheric Institute.
=500  \\$aPart of the Hemispheric Institute Digital Video Library.
=534  \\$pMedia source original:$e1 videocassette of 1 (Mini DV) : sd., col. ; 1/4 in. SP.$mSony.
=518  \\$aPerformed in San Francisco, CA, in 1992.
=508  \\$aNao Bustamante, producer, creator.
=511  1\$aNao Bustamante.
=520  \\$aNao Bustamante (www.naobustamante.com) is an internationally known performance artist born in California. Her work encompasses performance art, installation, video, pop music and experimental rips in time. She has performed in galleries, museums, universities and underground sites throughout Asia, Africa, Europe, New Zealand, Australia, Canada, Mexico and the United States. She is currently teaching New Media and Live Art at Rensselaer Polytechnic Institute, New York. 'Indigurrito' is Bustamante's contribution to the many performances that commemorated the 500 anniversary of the conquest of America. The title mixes the term 'indigenous' with 'burrito', the name of the famous Mexican wrap. In the performance, Bustamante challenged the white men in the audience to go onstage to express their apologies for the years of oppression of indigenous peoples by eating a piece of a burrito that Bustamante had strapped on to her hips. With humor and sarcasm, Bustamante addressed the issues that the 500-year commemoration brought to collective attention. Her piece also denounces how art institutions forced artists to pay tribute to the date if they wanted to get funding.
=540  \\$aThere are copyright restrictions on this collection. For more information, go to the online version of this video.
=650  \0$aIndigenous peoples.
=650  \0$aIndigenous peoples$zAmerica$xHistory.
=650  \0$aIndians, Treatment of.
=650  \0$aColumbus Quincentenary, 1992-1993.
=650  \0$aHispanic American artists.
=651  \0$aAmerica$xDiscovery and exploration.
=653  \\$aPerformance art
=653  \\$aRevisionist history
=653  \\$aConquest
=653  \\$aOppression
=653  \\$aLatino artists
=655  \7$aPerformance.$2nyu-hidvl
=655  \7$aPerformance art.$2nyu-hidvl
=655  \7$aPolitical performance.$2nyu-hidvl
=700  1\$aBustamante, Nao.$4cre$4pro$4prf
=710  2\$aHemispheric Institute Digital Video Library.
=830  \0$aNao Bustamante video collection.
=856  40$uhttp://hdl.handle.net/2333.1/m0cfxpz3

