=LDR  05025cgm a22007455a 4500
=001  000515177
=003  NNU
=004  NYUb13504077
=005  20140421144001.0
=006  m\\\\\\\\z\\\\\\\\
=007  vd\cvaizu
=007  vf\ciahou
=007  cr\cna
=007  \\vd
=007  cr\|||||||||||
=008  070612s1992\\\\cu\106\\\\\\\\\\\\vlspa\d
=024  7\$aHI2007_036_A_01$2nyu-hidvl
=024  7\$aHI2007_036_B_01$2nyu-hidvl
=024  7\$aHI2007.036_01_A$2nyu-hidvl
=035  \\$a(NYU)NYUb13504077
=040  \\$aNNU$cNNU$eamim
=043  \\$anwcu---$acl-----
=245  00$aEréndira$h[videorecording].
=246  3\$aIncreíble y triste historia de la cándida Eréndira y su abuela desalmada
=260  \\$c1992.
=300  \\$3master.$a2 videocassettes of 2 (Digital Betacam) (106 min.) :$bsd., col. ;$c1/2 in.
=300  \\$3viewing copy.$a2 videodiscs of 2 (DVD) (106 min. : pt.A, 74 min. ; pt.B, 32 min.) :$bsd., col. ;$c4 3/4 in.
=490  1\$aTeatro Buendía collection
=530  \\$aAlso available online as streaming video.
=546  \\$aIn Spanish.
=500  \\$aTitle supplied by Hemispheric Institute.
=500  \\$aPart of the Hemispheric Institute Digital Video Library.
=534  \\$pMedia source original:$e1 videocassette of 1 (VHS) : sd., col. ; 1/2 in. SP.$mTDK T-120.
=518  \\$aPerformed in La Habana, Cuba, in 1992.
=508  \\$aTeatro Buendía, producer ; Fundateneofestival, producer ; Eusebio Pedro Castellanos, producer ; William López, producer ; Carlos Celdrán, Flora Lauten, directors ; Antonio Varona, Yanina Pérez, assistant directors ; based on the eponymous novella by Gabriel García Márquez ; Marieta Veulens, Héctor Agüero, original music ; traditional Cuban music, additional music selection ; José Salas, set, lighting & costume design ; Noelia Pérez, costumes ; Marcell Ferrer, videographer.
=511  1\$aFlora Lauten, Lillian Vega, Ernesto Tapia, Félix Antequera, Orestes Pérez, Esther Cardoso, Antonia Fernández, Ivanessa Cabrera, AntonioVarona, Rubén Pérez, Vivian Agramonte, Evelyn Dávila, Dania J. Aguerreberez, Héctor Agüero.
=520  \\$aCarlos Celdrán and Flora Lauten's version of "La increíble y triste historia de la cándida Eréndira y su abuela desalmada", the famous story by renowned Colombian writer Gabriel García Márquez, is a theatrical exploration of intimacy, nostalgia and divestment. The creative process was deeply invested in the investigation of the expressive possibilities of the dramaturgy of the actor, the characters and the essential myth within the story, in order to unveil the hidden metaphor of Eréndira. Teatro Buendía, formed in 1986 by graduates from the Higher Institute of Arts, Havana, and directed by Flora Lauten, is Cuba's most celebrated theater company. Since its foundation, they have developed two parallel lines of work: the production of theater spectacles, and a permanent research center investigating Latin American and Caribbean cultural traditions, the expressive possibilities of the actor, and the renewal of scenic languages. The study of the possible relations between music, dance, and interpretation, as well as the formulation of new forms of scenic writing and dramaturgy of the spectacle, have consolidated Teatro Buendía's international prestige as a company that has presented their repertoire in the most demanding festivals and venues of Latin America, Europe, North America, Asia, Africa and Australia, all to critical acclaim. They also tour internationally giving workshops, seminars and conferences on their cultural investigations and creative methods.
=540  \\$aThere are copyright restrictions on this collection. For more information, go to the online version of this video.
=600  10$aGarcía Márquez, Gabriel,$d1928-$tIncreíble y triste historia de la cándida Eréndira y de su abuela desalmada.
=650  \0$aPerforming arts$zCuba.
=650  \0$aTheater$zCuba.
=655  \7$aPerformance.$2nyu-hidvl
=655  \7$aTheater.$2nyu-hidvl
=655  \7$aCuban theater.$2nyu-hidvl
=655  \7$aPerformances (entertainment events).$2aat
=655  \7$aPerformance art.$2aat
=655  \7$aTheater (discipline).$2aat
=700  1\$aCastellanos, Eusebio Pedro.$4pro
=700  1\$aLópez, William.$4pro
=700  1\$aCeldrán, Carlos.$4drt
=700  1\$aLauten, Flora.$4drt$4prf
=700  1\$aGarcía Márquez, Gabriel,$d1928-$tIncreíble y triste historia de la cándida Eréndira y de su abuela desalmada.
=710  2\$aTeatro Buendía.$4pro
=710  2\$aFundateneofestival.$4pro
=710  2\$aHemispheric Institute Digital Video Library.
=830  \0$aTeatro Buendía collection.
=853  00$81$apt.
=863  50$81.1$aA$p31142045845594
=863  50$81.2$aB$p31142045845602
=856  40$uhttp://hdl.handle.net/2333.1/76hdr82s
=954  \\$81$aVolumes

