=LDR  05025cgm  2200649 a 4500
=001  000563692
=003  NNU
=004  NYUb13556753
=005  20080509173614.0
=006  m\\\\\\\\z\\\\\\\\
=007  vd\cvaizu
=007  vf\ciahou
=007  cr\cna
=007  cr\|||||||||||
=008  071121e19920513nyu070\\\\\\\\\\\\vleng\d
=024  7\$aHI2005_050_01$2nyu-hidvl
=024  7\$aHI2005.050_01$2nyu-hidvl
=035  \\$a(NYU)NYUb13556753
=040  \\$aNNU$cNNU$eamim
=245  00$aHuipil$h[videorecording]
=246  3\$aCoatlicue Theater Company :$bHuipil
=260  \\$c1992 Feb. 13.
=300  \\$a1 videocassette of 1 (Digital Betacam) (70 min.) :$bsd., col. ;$c1/2 in.$3master.
=300  \\$a1 videodisc of 1 (DVD) (70 min.) :$bsd., col. ;$c4 3/4 in.$3viewing copy.
=490  1\$aAmerican Indian Community House collection
=530  \\$aAlso available online as streaming video.
=500  \\$aTitle supplied by Hemispheric Institute.
=500  \\$aPart of the Hemispheric Institute Digital Video Library.
=534  \\$pMedia source original:$e1 videocassette of 1 (VHS) : analog sd., col. ; 1/2 in.
=518  \\$aPerformed at The American Indian Community House, New York City, on Feb. 13, 1992.
=508  \\$aAmerican Indian Community House, producer ; Coatlicue Theater Company, creator.
=511  1\$aHortencia Colorado, Elvira Colorado.
=520  \\$aCreation stories and rituals--constant reminders of our origins are woven on our huipil along with our present day stories of social, political injustices and racism, the Colorado Sisters, Elvira and Hortencia explain. Huipil, presents these stories, along with traditional music, hand choreography and rap, woven together the way a traditional huipil is woven on a back-strap loom. This is our personal statement of our role in the universe, community, and family, as sisters and as women. Theses stories symbolize our strength and survival. Elvira and Hortencia Colorado, Chichimec Otomi storytellers, playwrights, performers and community activists are founding members of Coatlicue Theatre Company (www.coatlicue.com). They are also members of Danza Mexica Cetiliztli, New York Zapatistas and the American Indian Community House. The company's plays address social, political, cultural and identity issues that impact their lives and their community. Their work is based on stories they weave together which educate as well as entertain, while reaffirming their survival as urban Native American women. They have conducted storytelling/ theatre workshops. They are recipients of the Ingrid Washinawatok Community Activism Award. The American Indian Community House (AICH) is an urban Indian center that services the needs of the Native people living in New York City and welcomes Native visitors to the city. AICH was founded in 1969 and has become a de facto neighborhood serving as a meeting place for the diverse Native community of the New York City area. The Community House offers a variety of services ranging from substance abuse and HIV counseling, to career assistance. It is also home to the only Indian owned and operated art gallery in New York City. The AICHs Performing Arts Department has become an important resource for Native visual and performance artists. Through its programming, performance has become an important educational vehicle, both for the Native and non-Native NY community. The Badger's Corner, initiated in the 1980s, is an education-via-entertainment vehicle for the AICHs visual and performing arts department programs. Taking its name from the Pueblo legend of the four-legged creature who led the Pueblo people out of the underworld after the great flood, the intent of its programming is to inform and challenge people to rethink their concept(s) of Native American people and customs. All performances at AICH are presented under the auspices of the Badgers Corner.
=540  \\$aThere are copyright restrictions on this collection. For more information, go to the online version of this video.
=650  \0$aIndigenous women.
=650  \0$aIndian women.
=650  \0$aWomen$xIdentity.
=650  \0$aSelf-realization in women.
=650  \0$aWomen$xSocial conditions.
=653  \\$aEmpowerment
=653  \\$aHuipil
=655  \7$aPerformance.$2nyu-hidvl
=655  \7$aTheater.$2nyu-hidvl
=655  \7$aNative theater.$2nyu-hidvl
=655  \7$aPolitical performance.$2nyu-hidvl
=655  \7$aNative American women's theater.$2nyu-hidvl
=700  1\$aColorado, Elvira.$4prf
=700  1\$aColorado, Hortencia.$4prf
=710  2\$aCoatlicue Theater Company.$4cre
=710  2\$aAmerican Indian Community House (New York, N.Y.)$4pro
=710  2\$aHemispheric Institute Digital Video Library.
=830  \0$aAmerican Indian Community House collection.
=856  40$uhttp://hdl.handle.net/2333.1/dr7sqvmz

