=LDR  05315cgm  2200733 a 4500
=001  000563697
=003  NNU
=004  NYUb13556759
=005  20080509173707.0
=006  m\\\\\\\\z\\\\\\\\
=007  vd\cvaizu
=007  vf\ciahou
=007  cr\cna
=007  cr\|||||||||||
=008  071121e19920621nyu079\\\\\\\\\\\\vleng\d
=024  7\$aHI2005_051_01$2nyu-hidvl
=024  7\$aHI2005.051_01$2nyu-hidvl
=040  \\$aNNU$cNNU$eamim
=043  \\$an------$as------
=245  00$aBlood speaks$h[videorecording]
=246  3\$aCoatlicue Theater Company :$bBlood speaks
=260  \\$c1992 June 21.
=300  \\$a1 videocassette of 1 (Digital Betacam) (79 min.) :$bsd., col. ;$c1/2 in.$3master.
=300  \\$a1 videodisc of 1 (DVD) (79 min.) :$bsd., col. ;$c4 3/4 in.$3viewing copy.
=490  1\$aAmerican Indian Community House collection
=530  \\$aAlso available online as streaming video.
=500  \\$aTitle supplied by Hemispheric Institute.
=500  \\$aPart of the Hemispheric Institute Digital Video Library.
=534  \\$pMedia source original:$e1 videocassette of 1 (VHS) : analog sd., col. ; 1/2 in.
=518  \\$aPerformed at The American Indian Community House, New York City, on June 21, 1992.
=508  \\$aAmerican Indian Community House, producer ; Coatlicue Theater Company, creator ; Rob Kitson, videographer.
=511  1\$aHortencia Colorado, Elvira Colorado, Pura Fe, Soni Moreno.
=520  \\$aCoatlicue Theater Company's Blood Speaks deals with the pivotal role that religion/Christianity played in the oppression and genocide of native people. In the course of the play the artists reclaim their voices and begin to rewrite history, in their own terms. Elvira and Hortencia Colorado, Chichimec Otomi storytellers, playwrights, performers and community activists are founding members of Coatlicue Theater Company (www.coatlicue.com). They are also members of Danza Mexica Cetiliztli, New York Zapatistas and the American Indian Community House. The company's plays address social, political, cultural and identity issues that impact their lives and their community. Their work is based on stories they weave together which educate as well as entertain, while reaffirming their survival as urban Native American women. They have conducted storytelling/ theater workshops. They are recipients of the Ingrid Washinawatok Community Activism Award. The American Indian Community House (AICH) is an urban Indian center that services the needs of the Native people living in New York City and welcomes Native visitors to the city. AICH was founded in 1969 and has become a de facto neighborhood serving as a meeting place for the diverse Native community of the New York City area. The Community House offers a variety of services ranging from substance abuse and HIV counseling, to career assistance. It is also home to the only Indian owned and operated art gallery in New York City. The AICHs Performing Arts Department has become an important resource for Native visual and performance artists. Through its programming, performance has become an important educational vehicle, both for the Native and non-Native NY community. The Badger's Corner, initiated in the 1980s, is an education-via-entertainment vehicle for the AICHs visual and performing arts department programs. Taking its name from the Pueblo legend of the four-legged creature who led the Pueblo people out of the underworld after the great flood, the intent of its programming is to inform and challenge people to rethink their concept(s) of Native American people and customs. All performances at AICH are presented under the auspices of the Badgers Corner. Indian Summer is an annual event at AICH and an occasion for artists to present their latest works to the community and the general public. All performers, whether new to the field or veteran practitioners, are encouraged to present their work.
=540  \\$aThere are copyright restrictions on this collection. For more information, go to the online version of this video.
=650  \0$aGenocide.
=650  \0$aOppression (Psychology)
=650  \0$aCulture conflict.
=650  \0$aIndigenous peoples.
=650  \0$aColonization.
=650  \0$aChristianity.
=651  \0$aAmerica$xColonization.
=653  \\$aCultural protest
=653  \\$aIndigenous peoples$aDegradation
=655  \7$aPerformance.$2nyu-hidvl
=655  \7$aTheater.$2nyu-hidvl
=655  \7$aNative theater.$2nyu-hidvl
=655  \7$aMulti-media production.$2nyu-hidvl
=655  \7$aPolitical performance.$2nyu-hidvl
=655  \7$aNative American women's theater.$2nyu-hidvl
=700  1\$aColorado, Elvira.$4prf
=700  1\$aColorado, Hortencia.$4prf
=700  0\$aPura Fé$4prf
=700  1\$aMoreno, Soni.$4prf
=700  1\$aKitson, Rob.$4vdg
=710  2\$aCoatlicue Theater Company.$4cre
=710  2\$aAmerican Indian Community House (New York, N.Y.)$4pro
=710  2\$aHemispheric Institute Digital Video Library.
=830  \0$aAmerican Indian Community House collection.
=856  40$uhttp://hdl.handle.net/2333.1/905qfv3v

