=LDR  04366cgm a22006375a 4500
=001  000511277
=003  NNU
=004  NYUb13499649
=005  20080306172317.0
=006  m\\\\\\\\z\\\\\\\\
=007  vd\cvaizu
=007  vf\ciahou
=007  cr\cna
=007  cr\|||||||||||
=008  070523s1992\\\\ck\077\\\\\\\\\\\\vlspa\d
=024  7\$aHI2006_122_01$2nyu-hidvl
=024  7\$aHI2006.122_01$2nyu-hidvl
=040  \\$aNNU$cNNU$eamim
=041  0\$aspa
=043  \\$as-ck---
=245  00$aEmocionales$h[videorecording].
=260  \\$c1992.
=300  \\$3master.$a1 videocassette of 1 (Digital Betacam) 77 min.) :$bsd., col. ;$c1/2 in.
=300  \\$3viewing copy.$a1 videodisc of 1 (DVD) (77 min.) :$bsd., col. ;$c4 3/4 in.
=490  1\$aDramaturgia de género : Teatro La Máscara collection
=530  \\$aAlso available online as streaming video.
=546  \\$aIn Spanish.
=500  \\$aTitle supplied by Hemispheric Institute.
=500  \\$aPart of the Hemispheric Institute Digital Video Library.
=534  \\$pMedia source original:$e1 videocassette of 1 (VHS) : sd., col. ; 1/2 in. SP.$mTDK T-120HS.
=518  \\$aPerformed in Cali, Colombia, in 1992.
=508  \\$aTeatro La Máscara, producer ; based on texts by Ntozake Shange ; Rubén di Pietro, director ; Miriam Cotes Benítez, translation ; Pedro Alcántara, artistic coaching ; Pepe Bayona, videographer and editor ; Liliana Montes, Luis Eduardo Gómez, composers ; Estela Ibáñez, Ingrid Caraballo, set and props design ; Mónica Herrán, Pakiko Ordóñez, photography ; Rubén di Pietro, makeup.
=511  1\$aLucy Bolaños (protagonist), Claudia Morales (protagonist), Liliana Montes (protagonist), Silvia Wend (protagonist), Valentina Vivas (protagonist), Ximena Escobar (protagonist), Luis Eduardo Gómez (musician).
=520  \\$aCollective creation by Teatro La Máscara, a free version of a series of poems in 'For Colored Girls Who Have Considered Suicide When the Rainbow is Enuf' by American writer Ntozake Shange. The poems, revolving around feminine stories, characters and issues, were performed in the diverse rooms of the empty house in the San Antonio neighborhood in Cali, Colombia, where La Máscara eventually built their theater. Teatro La Máscara is the oldest - and one of the only - feminist, all-women's theater in Colombia. Founded in 1972 in Cali, La Máscara was a political theater initially comprised of male as well as female actors; by the early 1980s, when only the women stayed and wanted to continue the theatrical trajectory of the group, Lucy Bolaños decided to make La Máscara a women's ensemble fully dedicated to a feminine dramaturgy on gender issues. Committed to feminism and social change, they have stayed true to this mission, despite the many social and economic pressures they've had to endure in an environment plagued by violence and machismo, which constantly seeks to 'invisibilize' their work. Because of their fruitful stubbornness, La Máscara is not only creating and staging plays, but also working with marginalized communities, actively participating in political protests and demonstrations, and being involved in the organization of theater festivals. Through their work, they keep re-thinking women's role in the construction of a peaceful Colombia.
=540  \\$aThere are copyright restrictions on this collection. For more information, go to the online version of this video.
=650  \0$aFeminist theater$zColombia.
=650  \0$aTheater$zColombia.
=653  \\$aCreación colectiva
=655  \7$aPerformance.$2nyu-hidvl
=655  \7$aTheater.$2nyu-hidvl
=655  \7$aFeminist theater.$2nyu-hidvl
=655  \7$aCollective creation.$2nyu-hidvl
=700  1\$aDi Pietro, Rubén.$4drt
=700  1\$aShange, Ntozake.$4org
=700  1\$aBenítez, Miriam Cotes.$4trl
=700  1\$aMontes, Liliana.$4cmp
=700  1\$aGómez, Luis Eduardo.$4cmp
=710  2\$aTeatro La Máscara (Cali, Colombia)$4pro
=710  2\$aHemispheric Institute Digital Video Library.
=830  \0$aDramaturgia de género : Teatro La Máscara collection
=856  40$uhttp://hdl.handle.net/2333.1/4qrfj6zd

