=LDR  05419cgm a2200721 a 4500
=001  000563238
=003  NNU
=004  NYUb13556239
=005  20140421142409.0
=006  m\\\\\\\\z\\\\\\\\
=007  vd\cvaizu
=007  vf\ciahou
=007  cr\cna
=007  \\vd
=007  cr\|||||||||||
=008  071120e19920124nyu099\\\\\\\\\\\\vleng\d
=024  7\$aHI2005_033_A_01$2nyu-hidvl
=024  7\$aHI2005_033_B_01$2nyu-hidvl
=024  7\$aHI2005.033_01_A$2nyu-hidvl
=040  \\$aNNU$cNNU$eamim
=245  00$aGrandma, Grandpa, & The card game$h[videorecording]
=246  3\$aLouis Mofsie & Gloria Miguel perform Hanay Geiogamah's Grandma, Grandpa, & The card game
=246  3\$iTitle on DVD cover and title screen:$aGrandma and Grandpa and The card game
=260  \\$c1992 Jan. 24
=300  \\$3master.$a2 videocassettes of 2 (Digital Betacam) (99 min.) :$bsd., col. ;$c1/2 in.
=300  \\$3viewing copy.$a2 videodiscs of 2 (DVD) (99 min. : pt.A, 89 min. ; pt.B, 10 min.) :$bsd., col. ;$c4 3/4 in.
=490  1\$aAmerican Indian Community House collection
=530  \\$aAlso available online as streaming video.
=500  \\$aTitle supplied by Hemispheric Institute.
=500  \\$aPart of the Hemispheric Institute Digital Video Library.
=534  \\$pMedia source original:$e1 videocassette of 1 (VHS) : sd., col. ; 1/2 in.
=518  \\$aPerformed at The American Indian Community House, New York City, on Jan. 24, 1992.
=508  \\$aAmerican Indian Community House, producer ; Hanay Geiogamah (Kiowa/Delaware), writer ; Louis Mofsie (Hopi/Winnebago), creator ; Gloria Miguel (Kuna/Rappahannock), creator.
=511  1\$aLouis Mofsie, Gloria Miguel.
=520  \\$aThree plays written by playwright Hanay Geiogamah: Grandpa, performed by Louis Mofsie (Hopi/Winnebago); Grandma, performed by Gloria Miguel (Kuna/Rappahannock); and The Card Game, performed together by Mofsie and Miguel. Hanay Geiogamah was born in Lawton, Oklahoma in 1945. He studied journalism at the University of Oklahoma and earned his Bachelor of Arts in Theater and Drama from the University of Indiana in 1980. He has taught at Colorado College, the University of Washington, and the University of California at Los Angeles, and is one of the founders of the American Indian Theater Ensemble and co-founder of the American Indian Dance Theater. Geiogamah is known for plays in which he employs humor, realism, and idiomatic language to subvert negative stereotypes about Native Americans and to address the alienation felt by Indians in contemporary American society. 
=520  \\$aLouis Mofsie is Chairperson of the Board of Directors at the American Indian Community House in New York City and Director of the Thunderbird American Indian Dancers, an organization that raises scholarship funds for Indian students. Gloria Miguel is a co-founder of Spiderwoman Theater the longest running Native women's theater troupe in the country. The American Indian Community House (AICH) is an urban Indian center that services the needs of the Native people living in New York City and welcomes Native visitors to the city. AICH was founded in 1969 and has become a de facto neighborhood serving as a meeting place for the diverse Native community of the New York City area. The Community House offers a variety of services ranging from substance abuse and HIV counseling, to career assistance. It is also home to the only Indian owned and operated art gallery in New York City.   
=520  \\$aThe AICHs Performing Arts Department has become an important resource for Native visual and performance artists. Through its programming, performance has become an important educational vehicle, both for the Native and non-Native NY community. The Badger's Corner, initiated in the 1980s, is an education-via-entertainment vehicle for the AICHs visual and performing arts department programs. Taking its name from the Pueblo legend of the four-legged creature who led the Pueblo people out of the underworld after the great flood, the intent of its programming is to inform and challenge people to rethink their concept(s) of Native American people and customs. All performances at AICH are presented under the auspices of the Badgers Corner.  
=540  \\$aThere are copyright restrictions on this collection. For more information, go to the online version of this video.
=650  \0$aIndian theater.
=655  \7$aPerformance.$2nyu-hidvl
=655  \7$aTheater.$2nyu-hidvl
=655  \7$aIndigenous performance.$2nyu-hidvl
=655  \7$aAmerican Indian theater.$2nyu-hidvl
=655  \7$aNative American performance.$2nyu-hidvl
=700  1\$aGeiogamah, Hanay,$d1945-$4aut
=700  1\$aMofsie, Louis.$4cre$4prf
=700  1\$aMiguel, Gloria.$4cre$4prf
=710  2\$aSpiderwoman Theatre.
=710  2\$aAmerican Indian Community House (New York, N.Y.)$4pro
=710  2\$aHemispheric Institute Digital Video Library.
=740  02$aGrandpa.
=740  42$aThe card game.
=830  \0$aAmerican Indian Community House collection.
=853  00$81$apt.
=863  50$81.1$aA$p31142046121615
=863  50$81.2$aB$p31142046121631
=856  40$uhttp://hdl.handle.net/2333.1/gqnk9924
=954  \\$81$aVolumes

