=LDR  04173cgm  2200625 a 4500
=001  000561686
=003  NNU
=004  NYUb13554535
=005  20100805113929.0
=006  m\\\\\\\\z\\\\\\\\
=007  vd\cvaizu
=007  vf\ciahou
=007  cr\cna
=007  cr\|||||||||||
=008  071115e19920627nyu077\\\\\\\\\\\\vleng\d
=024  7\$aHI2005_020_01$2nyu-hidvl
=024  7\$aHI2005.020_01$2nyu-hidvl
=035  \\$a(NYU)NYUb13554535
=040  \\$aNNU$cNNU$eamim
=041  0\$aeng$dita
=245  00$aTim Hays and Paula Poulafearh in concert$h[videorecording]
=246  3\$iTitle on DVD cover:$aHays and Poulafearh
=260  \\$c1992 June 27.
=300  \\$a1 videocassette of 1 (Digital Betacam) (77 min.) :$bsd., col. ;$c1/2 in.$3master.
=300  \\$a1 videodisc of 1 (DVD) (77 min.) :$bsd., col. ;$c4 3/4 in.$3viewing copy.
=490  1\$aAmerican Indian Community House collection
=530  \\$aAlso available online as streaming video.
=546  \\$aIn English ; songs in Italian.
=500  \\$aTitle supplied by Hemispheric Institute.
=500  \\$aPart of the Hemispheric Institute Digital Video Library.
=534  \\$pMedia source original:$e1 videocassette of 1 (VHS) : analog sd., mono., col. ; 1/2 in.
=518  \\$aPerformed at The American Indian Community House, New York City, on June 27, 1992.
=508  \\$aAmerican Indian Community House, producer ; Tim Hays, creator ; Paula Poulafearh, creator ; Curtis Harris, introducer.
=511  0\$aTim Hays, pianist ; Paula Poulafearh, mezzo-soprano.
=520  \\$aPaula Poulafeah (Tuscarora), mezzo-soprano and Tim Hayes (HoChunk), pianist, in concert at the American Indian Community House. The American Indian Community House (AICH) is an urban Indian center that services the needs of the Native people living in New York City and welcomes Native visitors to the city. AICH was founded in 1969 and has become a de facto neighborhood serving as a meeting place for the diverse Native community of the New York City area. The Community House offers a variety of services ranging from substance abuse and HIV counseling, to career assistance. It is also home to the only Indian owned and operated art gallery in New York City. The AICHs Performing Arts Department has become an important resource for Native visual and performance artists. Through its programming, performance has become an important educational vehicle, both for the Native and non-Native NY community. The Badger's Corner, initiated in the 1980s, is an education-via-entertainment vehicle for the AICHs visual and performing arts department programs. Taking its name from the Pueblo legend of the four-legged creature who led the Pueblo people out of the underworld after the great flood, the intent of its programming is to inform and challenge people to rethink their concept(s) of Native American people and customs. All performances at AICH are presented under the auspices of the Badgers Corner. Indian Summer is an annual event at AICH and an occasion for artists to present their latest works to the community and the general public. All performers, whether new to the field or veteran practitioners, are encouraged to present their work.
=540  \\$aThere are copyright restrictions on this collection. For more information, go to the online version of this video.
=650  \0$aIndians$vMusic.
=650  \0$aIndian musicians.
=650  \0$aSopranos (Singers)
=650  \0$aWomen singers.
=650  \0$aSongs, Italian$xPerformances.
=655  \7$aPerformance.$2nyu-hidvl
=655  \7$aConcert.$2nyu-hidvl
=655  \7$aOpera.$2nyu-hidvl
=655  \7$aNative performance.$2nyu-hidvl
=700  1\$aHays, Tim,$cpianist.$4cre$4mus
=700  1\$aPoulafearh, Paula.$4cre$4sng
=710  2\$aAmerican Indian Community House (New York, N.Y.)$4pro
=710  2\$aHemispheric Institute Digital Video Library.
=830  \0$aAmerican Indian Community House collection.
=856  40$uhttp://hdl.handle.net/2333.1/wwpzgn55

