=LDR  05371cgm a22006135a 4500
=001  000513779
=003  NNU
=004  NYUb13502466
=005  20080321114318.0
=006  m\\\\\\\\z\\\\\\\\
=007  vd\cvaizu
=007  vf\ciahou
=007  cr\cna
=007  cr\|||||||||||
=008  070605s1992\\\\pr\029\\\\\\\\\\\\vlspa\d
=024  7\$aHI2007_016_01$2nyu-hidvl
=024  7\$aHI2007.016_01$2nyu-hidvl
=035  \\$a(NYU)NYUb13502466
=040  \\$aNNU$cNNU$eamim
=043  \\$anwpr---
=245  00$aRe-cuentos y re-visiones$h[videorecording].
=246  3\$aRe-cuentos y re-visiones en el teatro de Rosa Luisa Márquez
=260  \\$c1992.
=300  \\$3master.$a1 videocassette of 1 (Digital Betacam) (29 min.) :$bsd., col. ;$c1/2 in.
=300  \\$3viewing copy.$a1 videodisc of 1 (DVD) (29 min.) :$bsd., col. ;$c4 3/4 in.
=490  1\$aRosa Luisa Márquez and theater collaborators
=530  \\$aAlso available online as streaming video.
=546  \\$aIn Spanish.
=500  \\$aTitle supplied by Hemispheric Institute.
=500  \\$aPart of the Hemispheric Institute Digital Video Library.
=534  \\$pMedia source original:$e1 videocassette of 1 (Mini DV) : sd., col. ; 1/4 in. SP.$mSony T120.
=518  \\$aFilmed in Puerto Rico in 1992.
=508  \\$aCEDME-TV, producer ; Rosa Luisa Márquez, producer ; Alejandra Martorell, Osvaldo Rivera, Rosa Luisa Márquez, documentary ; Dinorah Marzán, Tati Rodrígez, Nigerian melodies, music.
=511  0\$aRosa Luisa Márquez, Antonio Martorell, Alejandra Martorell, Ana Lydia Vega, Kalman Barsy, Mareia Quintero, Rubén Ríos, Javier Cardona, Laura López, Tito Otero, Robert Villanúa, Rocío Costa, Graciela Rodríguez, Susan Homar, Lolita Villanúa, Sara Irizarry, Michel Godreau, Carla Godreau, Miguel Villafañe, participants.
=520  \\$aDocumentary on the creative methods, pedagogic approaches and experimental performances of Puerto Rican theater director Rosa Luisa Márquez. The video shows a retrospective of theater projects developed by Márquez since 1985 with her university students in her course Drama Activities and her student ensemble 'Teatreros Ambulantes de Cayey', as well as her artistic collaborations with renowned artists and scholars in projects where theater, the visual arts, pedagogy, community building, and politics constantly intersect. Interviews with writers, fellow professors, theater critics, university students, visual artists and other collaborators are juxtaposed to footage and pictures from performances and public interventions, along with running commentary by the artist herself, dancer and choreographer Alejandra Martorell, and partner-in-art for over twenty years Antonio Martorell. This documentary is a valuable archive of Rosa Luisas work during these years as well as an excellent document on the manifold provocations, creative coordinates and characteristic traits of Márquezs artistic and pedagogical works. Rosa Luisa Márquez (www.marquezmartorell.org) is a Puerto Rican theatre artist and pedagogue. Founding member of the theater group Anamú in 1971, she holds a masters degree from New York University and a Doctorate from Michigan State University; she specializes in contemporary theater. Rosa Luisa started her teaching career at the Theater department of the University of Puerto Rico in 1978. She developed the current curriculum of Drama Activities, which she teaches in her workshops at schools, prisons, rehab centers, womens shelters, nursing homes and community centers. Her directing projects include Romeo(s) y Julieta(s), Historias para ser Contadas, La Leyenda del Cemí, Procesión, Waiting for Godot, Jardín de Pulpos, Absurdos en Soledad, El León y la Joya, among others. In conjunction with Puerto Rican visual artist Antonio Martorell, she created the concept of Itinerant Performers (1987-1990) resulting in twelve productions. Published books include Brincos y saltos: el juego como disciplina teatral and Historias para ser contadas, montaje de Rosa Luisa Márquez. She is a member of the board of directors and pedagogical team for the EITALCs International School of Latin American and Caribbean Theater. Ongoing artistic collaborators include Gilda Navarra and Antonio Martorell (Puerto Rico), Grupo Malayerba (Ecuador), Grupo Yuyachkani (Peru), and directors Peter Shumann (Bread & Puppet Theater, U.S.A.) and Augusto Boal (Theater of the Oppressed, Brazil).
=540  \\$aThere are copyright restrictions on this collection. For more information, go to the online version of this video.
=600  10$aMárquez, Rosa Luisa.
=650  \0$aTheater$zPuerto Rico.
=650  \0$aPerforming arts$zPuerto Rico.
=650  \0$aExperimental theater.
=650  \0$aWomen in the performing arts.
=650  \0$aPerforming arts$xStudy and teaching.
=653  \\$aPedagogy and cultural practice
=655  \7$aDocumentary.$2nyu-hidvl
=655  \7$aDocumentaries.$2aat
=700  1\$aMárquez, Rosa Luisa.$4pro$4cmm
=710  2\$aCEDME-TV.$4pro
=710  2\$aHemispheric Institute Digital Video Library.
=830  \0$aRosa Luisa Márquez and theater collaborators.
=856  40$uhttp://hdl.handle.net/2333.1/6djh9w64

