=LDR  05343cgm a22006615a 4500
=001  000513811
=003  NNU
=004  NYUb13502500
=005  20080321120115.0
=006  m\\\\\\\\z\\\\\\\\
=007  vd\cvaizu
=007  vf\ciahou
=007  cr\cna
=007  cr\|||||||||||
=008  070605s1992\\\\mau032\\\\\\\\\\\\vlmul\d
=024  7\$aHI2007_017_01$2nyu-hidvl
=024  7\$aHI2007.017_01$2nyu-hidvl
=035  \\$a(NYU)NYUb13502500
=040  \\$aNNU$cNNU$eamim
=041  0\$aspa$aeng
=043  \\$an-us-ma
=245  00$aSi el grano no muere--$h[videorecording] =$bIf a grain does not die--.
=246  31$aIf a grain does not die
=246  3\$aIf a grain does not die (a foodish tail) =$bSi el grano no muere (o, no coma cuento) ; (a multicultural, multilingual production)
=260  \\$c1992.
=300  \\$3master.$a1 videocassette of 1 (Digital Betacam) (32 min.) :$bsd., col. ;$c1/2 in.
=300  \\$3viewing copy.$a1 videodisc of 1 (DVD) (32 min.) :$bsd., col. ;$c4 3/4 in.
=490  1\$aRosa Luisa Márquez and theater collaborators
=530  \\$aAlso available online as streaming video.
=546  \\$aIn Spanish, English, and Spanglish.
=500  \\$aTitle supplied by Hemispheric Institute.
=500  \\$aPart of the Hemispheric Institute Digital Video Library.
=534  \\$pMedia source original:$e1 videocassette of 1 (VHS) : sd., col. ; 1/2 in. SP.$m3M T-60.
=518  \\$aFilmed at the MIT Museum, Cambridge, Massachusetts, in 1992.
=508  \\$aMIT Office of the Arts, producer ; Rosa Luisa Márquez, producer, director ; Antonio Martorell, director ; staged at the MIT Museum ; Joaquín Font, videographer ; Miguel Villafañe, photographer ; Moms Kitchen (Mom & Mark), 'World Stew' chefs ; Julia Soyer, Julie Landholt, ushers ; Rosa Luisa Márquez, Antonio Martorell, Maureen Costello, introducers ; space transformed by the cast.
=511  1\$aFlavia Back, Elien Cabara, Santos Cabrera, Yanahira Cabrera, Dilia Díaz, Evaristo González, Antonieta Gimeno, Joaquín Font, Monica Gupta, Roger Huang, Marcelo Juica, Jonathan Lee, Marlén Lugo, Luis Meléndez, Yolanda Meléndez, Mirna Merced, Bronwyn Mills, Jean Minuchin, Larry Murrill, José Palacios, Reginald Parker, Sonia Tena, Laurie Prendergast, Carlos Vega-Soto, Jorge Arce (musician), Héctor Cancel (musician).
=520  \\$aDress rehearsal for the performance "Si el grano no muere..." directed by Rosa Luisa Márquez and Antonio Martorell in the context of their 10-day residency at MIT in 1992. Involving MIT students, high school students and members of the Latino communities in Boston and Cambridge, and featuring metaphorical references to "grains", with sets made of corn tortilla, bread, pasta, rice, and other disposable materials, the performance addresses issues of food and shelter that are of social and political concern to the community. The resulting multicultural, multilingual performance involves the audience in a "cultural pot luck", a communal "voyage of discovery". Rosa Luisa Márquez (www.marquezmartorell.org) is a Puerto Rican theater artist and pedagogue. She holds a master's degree from New York University and a Doctorate from Michigan State University; she specializes in contemporary theater. Rosa Luisa started her teaching career at the Theater department of the University of Puerto Rico in 1978. She developed the current curriculum of Drama Activities, which she teaches in her workshops at schools, prisons, rehab centers, womens shelters, nursing homes and community centers. Her directing projects include "Romeo(s) y Julieta(s)", "Historias para ser Contadas", "La Leyenda del Cemí", "Procesión", "Waiting for Godot", "Jardín de Pulpos", "Absurdos en Soledad", "El León y la Joya", among others. Published books include "Brincos y saltos: el juego como disciplina teatral" and "Historias para ser contadas, montaje de Rosa Luisa Márquez". She is a member of the board of directors and pedagogical team for the EITALC's International School of Latin American and Caribbean Theater. Ongoing artistic collaborators include Gilda Navarra and Antonio Martorell (Puerto Rico), Grupo Malayerba (Ecuador), Grupo Yuyachkani (Peru), Peter Shumann (Bread & Puppet Theater, U.S.A.) and Augusto Boal (Theater of the Oppressed, Brazil).
=540  \\$aThere are copyright restrictions on this collection. For more information, go to the online version of this video.
=650  \0$aExperimental theater$zMassachusetts.
=650  \0$aCommunity theater$zMassachusetts.
=651  \0$aMassachusetts$xSocial conditions.
=655  \7$aPerformance.$2nyu-hidvl
=655  \7$aTheater.$2nyu-hidvl
=655  \7$aBilingual theater.$2nyu-hidvl
=655  \7$aExperimental theater.$2nyu-hidvl
=655  \7$aCollective creation.$2nyu-hidvl
=655  \7$aCommunity theater.$2nyu-hidvl
=700  1\$aMárquez, Rosa Luisa.$4pro$4drt
=700  1\$aMartorell, Antonio,$d1939-$4drt
=710  2\$aMIT Office of the Arts.$4pro
=710  2\$aMIT Museum.
=710  2\$aHemispheric Institute Digital Video Library.
=830  \0$aRosa Luisa Márquez and theater collaborators.
=856  40$uhttp://hdl.handle.net/2333.1/2ngf1vps

