=LDR  05295cgm a22007095a 4500
=001  000086283
=003  NNU
=004  NYUb13056162
=005  20080408163220.0
=006  m\\\\\\\\z\\\\\\\\
=007  vd|cvaizu
=007  vf|ciahou
=007  cr\|||||||||||
=007  vd
=008  050715e19920306nyu072\\\\\\\\\\\\vleng\d
=024  7\$aHI2005_004_01$2nyu-hidvl
=024  7\$aHI2005.004_01$2nyu-hidvl
=035  \\$a(NYU)NYUb13056162
=040  \\$aNNU$cNNU$eamim
=245  00$aHot 'n' soft$h[videorecording].
=246  3\$aHot and soft
=246  33$aMuriel Miguel (Spiderwoman Theater) :$bHot 'n' soft
=246  1\$iTitle on DVD container label and title screen:$aSpider Woman Theater
=260  \\$c1992 Mar. 6.
=300  \\$3viewing copy.$a1 videodisc of 1 (DVD) (72 min.) :$bsd., col. ;$c4 3/4 in.
=300  \\$3master.$a1 videocassette of 1 (Digital Betacam) (72 min.) :$bsd., col. ;$c1/2 in.
=490  1\$aAmerican Indian Community House collection
=500  \\$aTitle supplied by Hemispheric Institute.
=500  \\$aPart of the Hemispheric Institute Digital Video Library.
=530  \\$aAlso available online as streaming video.
=534  \\$pMedia source original:$e1 videocassette of 1 (VHS) : sd., col. ; 1/2 in.$mAMPEX 189.
=518  \\$aPerformed at The American Indian Community House, New York City, on Mar. 6, 1992.
=508  \\$aAmerican Indian Community House, producer ; Muriel Miguel, director, writer ; Deborah Ratell, stage manager.
=511  1\$aMuriel Miguel.
=520  \\$aHot N Soft is a lesbian erotica/ trickster story created by Muriel Miguel (Kuna-Rappahannock), a founding member of Spiderwoman Theater, the longest running Native women's theater troupe. After encountering only male trickster stories, Miguel decided to build a piece around a female lesbian coyote trickster (the Coyote often plays the role of trickster and is usually male). Adding erotica to the mix, Miguel bases her tale on taboos not normally spoken of in the Native lesbian community, hair, two-timing, being uncomfortable, and getting older. Spiderwoman Theater is the longest continuous running Native female performance group. Comprised of three Kuna/ Rappahannock sisters from Brooklyn, New York, Lisa Mayo, Gloria Miguel, and Muriel Miguel, the group has travel all over the world giving performance, lectures, and workshops. Named after the weaver in the Hopi creation story the sisters storyweave their message in a variety of formats including poetry, dance, theater, and song. The American Indian Community House (AICH) is an urban Indian center that services the needs of the Native people living in New York City and welcomes Native visitors to the city. AICH was founded in 1969 and has become a de facto neighborhood serving as a meeting place for the diverse Native community of the New York City area. The Community House offers a variety of services ranging from substance abuse and HIV counseling, to career assistance. It is also home to the only Indian owned and operated art gallery in New York City. The AICHs Performing Arts Department has become an important resource for Native visual and performance artists. Through its programming, performance has become an important educational vehicle, both for the Native and non-Native NY community. The Badger's Corner, initiated in the 1980s, is an education-via-entertainment vehicle for the AICHs visual and performing arts department programs. Taking its name from the Pueblo legend of the four-legged creature who led the Pueblo people out of the underworld after the great flood, the intent of its programming is to inform and challenge people to rethink their concept(s) of Native American people and customs. All performances at AICH are presented under the auspices of the Badgers Corner. Indian Summer is an annual event at AICH and an occasion for artists to present their latest works to the community and the general public. All performers, whether new to the field or veteran practitioners, are encouraged to present their work.
=540  \\$aThere are copyright restrictions on this collection. For more information, go to the online version of this video.
=650  \0$aIndians of North America$xFolklore.
=650  \0$aLesbian erotica.
=650  \0$aErotic art.
=650  \0$aSpiritual life.
=650  \0$aCoyote (Legendary character)
=650  \0$aTricksters.
=650  \0$aAnimals, Mythical.
=650  \0$aIndian arts.
=650  \0$aIndian theater.
=650  \0$aEthnic performing arts.
=655  \7$aPerformance.$2nyu-hidvl
=655  \7$aTheater.$2nyu-hidvl
=655  \7$aStorytelling.$2nyu-hidvl
=655  \7$aOne-person shows (Performing arts).$2nyu-hidvl
=655  \7$aLesbian erotica.$2nyu-hidvl
=655  \7$aIndigenous performance.$2nyu-hidvl
=700  1\$aMiguel, Muriel.$4drt$4prf$4aut
=700  1\$aRatell, Deborah.$4oth
=710  2\$aAmerican Indian Community House (New York, N.Y.)$4pro
=710  2\$aHemispheric Institute Digital Video Library.
=830  \0$aAmerican Indian Community House collection.
=856  40$uhttp://hdl.handle.net/2333.1/k98sf7w5

