=LDR  04959cgm a2200685 a 4500
=001  000564100
=003  NNU
=004  NYUb13557184
=005  20080408163923.0
=006  m\\\\\\\\z\\\\\\\\
=007  vd\cvaizu
=007  vf\ciahou
=007  cr\cna
=007  cr\|||||||||||
=008  071127s1992\\\\nyu065\\\\\\\\\\\\vleng\d
=024  7\$aHI2005_052_01$2nyu-hidvl
=024  7\$aHI2005.052_01$2nyu-hidvl
=035  \\$a(NYU)NYUb13557184
=040  \\$aNNU$cNNU$eamim
=245  00$aOur honor, our pride$h[videorecording]
=260  \\$c1992 June.
=300  \\$3master.$a1 videocassette of 1 (Digital Betacam) (65 min.) :$bsd., col. ;$c1/2 in.
=300  \\$3viewing copy.$a1 videodisc of 1 (DVD) (65 min.) :$bsd., col. ;$c4 3/4 in.
=490  1\$aAmerican Indian Community House collection
=530  \\$aAlso available online as streaming video.
=500  \\$aTitle supplied by Hemispheric Institute.
=500  \\$aPart of the Hemispheric Institute Digital Video Library.
=534  \\$pMedia source original:$e1 videocassette of 1 (VHS) : analog sd., col. ; 1/2 in.
=518  \\$aPerformed in The Circle at The American Indian Community House, New York City, in June 1992.
=508  \\$aAmerican Indian Community House, producer ; Coatlicue Theater Company, creator ; Spiderwoman Theater, creator ; Native Youth Theater Group, creator ; Muriel Miguel, introducer ; Sharon Day, introducer ; Deborah Ratell, Stage manager ; Stephanie Hibble, Stage manager.
=511  0\$aCoatlicue Theater Company, Spiderwoman Theater, Native Youth Theater Group, performers.
=520  \\$aOur Honor, Our Pride was a variety show presented in the AICH Circle during New York Citys 1992 Gay Pride week as a way to introduce the New York City Native and Two-Spirit (the term Native people have used to refer to Native gay and lesbians) community. The Coatlicue Theater Company and Spiderwoman Theater presented excerpts from several of their plays. The Minneapolis Indigenous People's Task Forces Native Youth Theater Group, directed by Spiderwomans Muriel Miguel, also performed. The Group, led by Sharon Day, the Director of the Minneapolis Indigenous Peoples Task Force, had been selected and invited by the Community House to write and perform works about HIV/AIDS as a way to educate youth about various aspects of the disease during gay pride week. The American Indian Community House (AICH) is an urban Indian center that services the needs of the Native people living in New York City and welcomes Native visitors to the city. AICH was founded in 1969 and has become a de facto neighborhood serving as a meeting place for the diverse Native community of the New York City area. The Community House offers a variety of services ranging from substance abuse and HIV counseling, to career assistance. It is also home to the only Indian owned and operated art gallery in New York City. The AICHs Performing Arts Department has become an important resource for Native visual and performance artists. Through its programming, performance has become an important educational vehicle, both for the Native and non-Native NY community. The Badger's Corner, initiated in the 1980s, is an education-via-entertainment vehicle for the AICHs visual and performing arts department programs. Taking its name from the Pueblo legend of the four-legged creature who led the Pueblo people out of the underworld after the great flood, the intent of its programming is to inform and challenge people to rethink their concept(s) of Native American people and customs. All performances at AICH are presented under the auspices of the Badgers Corner.
=540  \\$aThere are copyright restrictions on this collection. For more information, go to the online version of this video.
=650  \0$aHIV (Viruses)
=650  \0$aAIDS (Disease)
=650  \0$aAIDS (Disease)$xPrevention.
=650  \0$aTwo-spirit people.
=650  \0$aIndian theater.
=653  \\$aGay pride
=655  \7$aPerformance.$2nyu-hidvl
=655  \7$aNative theater.$2nyu-hidvl
=655  \7$aNative variety show.$2nyu-hidvl
=655  \7$aIndigenous women's theater.$2nyu-hidvl
=655  \7$aNative youth theater.$2nyu-hidvl
=655  \7$aTwo-Spirit performance.$2nyu-hidvl
=700  1\$aMiguel, Muriel.$4oth
=700  1\$aDay, Sharon.$4oth
=700  1\$aRatell, Deborah.$4oth
=700  1\$aHibble, Stephanie.$4oth
=710  2\$aCoatlicue Theater Company.$4cre$4prf
=710  2\$aSpiderwoman Theatre.$4cre$4prf
=710  2\$aNative Youth Theater Group.$4cre$4prf
=710  2\$aAmerican Indian Community House (New York, N.Y.)$4pro
=710  2\$aHemispheric Institute Digital Video Library.
=830  \0$aAmerican Indian Community House collection.
=856  40$uhttp://hdl.handle.net/2333.1/573n5tj8

