=LDR  03895ngm  2200469   4500
=001  004094017
=005  20150202225506.0
=006  m\\\\\\\\c\\\\\\\\
=007  cr\cna|||m|||a
=007  cr\|||||||||||
=008  150118e19920404cau077\\\\\\\\s\\\vleng\d
=024  7\$aHI2014_003_01$2nyu-hidvl
=040  \\$aNNU$beng$cNNU
=041  0\$aeng
=245  00$aMy queer body$h[videorecording] /$cTim Miller, creator.
=260  \\$c1992 Apr. 4.
=300  \\$3viewing copy.$astreaming video (76 min., 33 sec.) :$bsd., col.
=490  1\$aTim Miller Collection
=500  \\$aTitle supplied by the Hemispheric Institute.
=500  \\$aPart of the Hemispheric Institute Digital Video Library.
=508  \\$aChris Gilles, lighting designer ; Richard L. Harrison, video director/producer.
=511  1\$aTim Miller, performer.
=518  \\$aPerformed at the Highways Performance Space, Santa Monica, CA, on Apr. 4, 1992.
=520  \\$aThis is a video documentation of a psycho-sexual empowering journey where performer and audience share intimacy, humor, and affects. Tim Miller explores bits and pieces of his body, in the same manner than, piece by piece, the story keeps flowing and ‘giving birth’ to the queer body. Through storytelling and movement, and stories of love, enchantment, disenchantment, and resistance, this solo show transforms a personal story into the story of a community. The ghost of fear and death appears with the AIDS epidemic, the loss of friends and loved ones, police brutality against gay people, and the State of California anti gay laws and homophobic harassment. A travel in time through the body, Tim Miller’s striking performance invokes the bodies of those who are absent but present at the same time. The gesture of envisioning a future with a United States’ lesbian president, with sexual freedom, and without homophobia, transforms sex into a call to life and hope.
=520  \\$aTim Miller is an internationally acclaimed performance artist. Miller's creative work as a performer and writer explores the artistic, spiritual and political topography of his identity as a gay man. Miller's performances have been presented all over North America, Australia, and Europe in such prestigious venues as Yale Repertory Theatre, the Institute of Contemporary Art (London), the Walker Art Center (Minneapolis), and the Brooklyn Academy of Music. Miller’s most recent book 1001 BEDS, an anthology of his performances, essays and journals, was published by University of Wisconsin Press in 2006. Miller has taught performance at UCLA, NYU, the School of Theology at Claremont and at universities all over the US. He is a co-founder of two of the most influential performance spaces in the United States: Performance Space 122 on Manhattan's Lower East Side and Highways Performance Space in Santa Monica, CA. After a nine-year stint in New York City, in 1987 Miller returned home to Los Angeles, California where he was born and raised. He currently lives there with his partner Alistair in Venice Beach.
=534  \\$pMedia source original:$e1 videocassette (VHS) : sd., col. ; 1/2 in. SP.$mT90
=540  \\$aThere are copyright restrictions on this collection. For more information, go to the online version of this video.
=546  \\$aIn English.
=650  \0$aSexual minority community$xSocial aspects.
=650  \0$aIdentity politics.
=650  \0$aHomophobia.
=650  \0$aSex discrimination.
=650  \0$aSexual freedom.
=650  \0$aAIDS (Disease)
=650  \0$aPerformance art$xPolitical aspects$zUnited States.
=655  \7$aPerformance$2nyu-hidvl
=655  \7$aSolo performance$2nyu-hidvl
=700  1\$aMiller, Tim,$d1958-$4cre$4prf
=710  2\$aHemispheric Institute Digital Video Library.
=830  \0$aTim Miller collection.
=856  40$uhttp://hdl.handle.net/2333.1/pvmcvgzr

