=LDR  05567cgm a2200625 a 4500
=001  000082234
=003  NNU
=004  NYUb13051735
=005  20080128161830.0
=006  m\\\\\\\\z\\\\\\\\
=007  vd\cvaizu
=007  vf\ciahou
=007  cr\|||||||||||
=007  vd
=008  050701e199206uumx\063\\\\\\\\\\\\vlspa\d
=024  7\$aHI2004_062_01$2nyu-hidvl
=024  7\$aHI2004.062_01$2nyu-hidvl
=035  \\$a(NYU)NYUb13051735
=040  \\$aNNU$cNNU$eamim
=041  0\$aspa$anah
=245  00$aCielo de abajo (cabaret prehispánico)$h[videorecording].
=246  31$aSky below (pre-hispanic cabaret)
=246  30$aCabaret prehispánico
=260  \\$c1992 June.
=300  \\$3viewing copy.$a1 videodisc of 1 (DVD) (63 min.) :$bsd., col. ;$c4 3/4 in.
=300  \\$3master.$a1 videocassette of 1 (Digital Betacam) (63 min.) :$bsd., col. ;$c1/2 in.
=490  1\$aEl Hábito collection
=530  \\$aAlso available online as streaming video.
=546  \\$aIn Spanish and Nahuatl.
=500  \\$aTitle supplied by Hemispheric Institute.
=500  \\$aPart of the Hemispheric Institute Digital Video Library.
=534  \\$pMedia source original:$e1 videocassette (VHS) : sd., col. ; 1/2 in.$mJVC ST-120.
=518  \\$aPerformed at Teatro Bar El Hábito, Mexico City, Mexico, in June 1992.
=508  \\$aJesusa Rodríguez, writer, producer, director ; Liliana Felipe, writer, producer, original music ; Malú Huacuja, writer.
=511  1\$aJesusa Rodriguez, Liliana Felipe.
=520  \\$aThis two-woman, one skeleton 'prehispanic' cabaret follows the trajectory of a soul traversing the nine levels of a pre-Hispanic underworld. An indigenous woman mourns her dead lover, and decides to go to 'el cielo de abajo' ('the sky below') to look for her. The journey roughly follows the route mapped out in the Nahuas' sacred text 'Popul Voh,' as well as in Alfredo López Austin's book 'Cuerpo humano e ideología: Las concepciones de los antiguos nahuas' (The Human Body and Ideology: The Ideas of the Ancient Nahuas). The script, partly Spanish and partly Nahuatl (the language of the so-called Aztecs) is loosely based on a prehispanic conception of the afterlife of mortal souls during their arduous trip to their final resting place. Ultimately, this cabaret performance poses a poetic exploration of love, gender, seduction, sacrifice, and death. Mexican director, actress, playwright, performance artist, scenographer, entrepreneur, and social activist Jesusa Rodríguez has been called the most important woman of Mexico. Often referred to as a 'chameleon,' Rodríguez moves seemingly effortlessly and with vigor across the spectrum of cultural forms, styles, and tones. Her 'espectáculos' (as both spectacles and shows) challenge traditional classification, crossing with ease generic boundaries: from elite to popular to mass, from Greek tragedy to cabaret, from pre-Columbian indigenous to opera, from revue, sketch and 'carpa,' to performative acts within political projects. Humor, satire, linguistic play, and the body are constants in her productions. She seeks to render corporal and, thus, visible, the tensions between the discourses in operation on and through the individual and collective body. Rodriguez's energy is intense and her commitment non-negotiable, always interrogating the nature, site, and consequences of power and its representation. Liliana Felipe, one of Latin America's foremost singers and composers, was born in Argentina in the 1950s. She left for Mexico just before the outbreak of the 'Dirty War' (1976), but her sister and brother-in-law were both 'disappeared'--victims of the military dictatorship's criminal politics. Liliana's music has a wide following in Latin America. She continues to be a powerful presence in Argentina, working with human rights organizations--especially H.I.J.O.S. (the organization of the children of the disappeared). In Mexico, Liliana went to one of Jesusa Rodríguez's performances. Jesusa, catching a glimpse of Felipe in the audience, remembers saying to herself: 'I am going to die with that woman.' Since then, Liliana and Jesusa have created two performance spaces, El Cuervo and later El Hábito in Coyoacán, Mexico City, that they still run. They 'married' in February 2000. El Hábito (www.elhabito.com.mx) is a hotbed for intellectuals, feminists, gay rights activists and open-minded, progressive people who want to be engaged by a smart and critical humor. In this off-off space, and with the collaboration of their theater cooperative Las Divas, Jesusa y Liliana have produced hundreds of shows since the 1980s.
=540  \\$aThere are copyright restrictions on this collection. For more information, go to the online version of this video.
=650  \0$aNahua cosmology.
=650  \0$aNahuas.
=655  \7$aPopul Vuh.$2nyu-hidvl
=655  \7$aPerformance.$2nyu-hidvl
=655  \7$aCabaret.$2nyu-hidvl
=655  \7$aTheater.$2nyu-hidvl
=655  \7$aPolitical performance.$2nyu-hidvl
=655  \7$aQueer performance.$2nyu-hidvl
=700  1\$aRodríguez, Jesusa.$4aut$4pro$4drt$4prf
=700  1\$aFelipe, Liliana.$4aut$4pro$4cmp$4prf
=700  1\$aHuacuja, Malú,$d1961-$4aut
=710  2\$aHemispheric Institute Digital Video Library.
=830  \0$aJesusa Rodríguez & Liliana Felipe : El Hábito collection.
=856  40$uhttp://hdl.handle.net/2333.1/kh18936f

