=LDR  03854cgm a2200445 a 4500
=001  003802426
=005  20140421221627.0
=006  m\\\\\\\\c\\\\\\\\
=007  cr\cna|||m|||a
=007  cr\|||||||||||
=008  130822s1992\\\\mau007\\\\\\\\s\\\vleng\d
=024  7\$aHI2012_033_01$2nyu-hidvl
=040  \\$aNNU$beng$cNNU
=041  0\$aeng
=245  00$aMiss Ida B. Wells (promotional video)$h[videorecording] /$cRoberta Uno, director and producer ; New WORLD Theater, producer ; Baulding W.G.B.Y. TV, video producer.
=260  \\$c1992.
=300  \\$3viewing copy.$astreaming video (6 min., 43 sec.) :$bsd., col.
=490  1\$aNew WORLD Theater collection
=546  \\$aIn English.
=500  \\$aTitle supplied by Hemispheric Institute.
=500  \\$aPart of the Hemispheric Institute Digital Video Library.
=518  \\$aPerformed at the Hampden Theater in Amherst, Massachusetts, in 1992.
=508  \\$aEndesha Ida Mae Holland, playwright ; Horace Clarence Boyer, musical director ; Suzanne Dougan, set and costume designer ; Jim Berman, lighting designer ; Will Pile, sound designer.
=511  1\$aIngrid Askew, Nefertiti Burton, performers.
=520  \\$aThis is a promotional video featuring performers from the play ‘Miss Ida B. Wells,’ written by Endesha Ida Mae Holland, and directed by Roberta Uno. The performers discuss Ida B. Well’s political involvement with anti-slavery activism. They state that the purpose of the play is to bring light and attention to Ida B. Well’s political work. Roberta Uno points out how the play generates discussion around political issues, and she also talks about how New WORLD Theater is a social stage that brings theater to communities, and functions as an open cultural platform for theater artist of color. The artists involved in this performance believe that Miss Ida B. Wells educates audience members and gives them a better understanding of cultural diversity.
=520  \\$aFrom 1979-2009, the New WORLD Theater worked at the intersection of artistic practice, community engagement, scholarship, and activism toward a vision of a ‘new world’—one that broke the confines of multiculturalism and was an artistic harbinger of America’s shifting demographics. From a geographic ‘outpost’ in New England, New WORLD Theater evolved from a community organizing project and the Northeast point on a theater touring compass, to a protective studio to hone new work, a site of international intersections from South Africa to the South Bronx, and the home of inspired and rigorous collaborations with Western Massachusetts youth. New performance work development at New WORLD defied the conventional theater play lab as ghetto for artists of color; artists were met where they wanted to be in the imagining of new approaches, methods, and production. One of New WORLD Theater’s artistic legacies is Project 2050, an early call to imagine the U.S. demographic shift, with people of the future — youth, in equal collaboration with artists and scholars.
=534  \\$pMedia source original:$e1 videocassette of 1 (VHS) : sd., col. ; 1/2 in. LP.$mMaxell Professional
=540  \\$aThere are copyright restrictions on this collection. For more information, go to the online version of this video.
=600  10$aWells-Barnett, Ida B.,$d1862-1931.
=650  \0$aAntislavery movements.
=655  \7$aPerformance.$2nyu-hidvl
=655  \7$aTheater.$2nyu-hidvl
=700  1\$aUno, Roberta,$d1956-$4drt$4pro
=700  1\$aHolland, Endesha Ida Mae,$d1944-2006.$4aus
=710  2\$aNew WORLD Theater.$4pro
=710  2\$aWGBY-TV (Television station : Springfield, Mass.)$4fmp
=710  2\$aHemispheric Institute Digital Video Library.
=830  \0$aNew WORLD Theater collection.
=856  40$uhttp://hdl.handle.net/2333.1/v15dv5t7

