=LDR  04266ngm a2200589 a 4500
=001  003679659
=005  20130604112238.0
=006  m\\\\\\\\c\\\\\\\\
=007  cr\cna|||m|||a
=007  cr\|||||||||||
=008  121106e199204uupr\060\\\\\\\\s\\\vlspa\d
=024  7\$aHI2010_072_01$2nyu-hidvl
=040  \\$aNNU$beng$cNNU
=041  0\$aspa$aeng
=043  \\$anwpr---$an-us---
=245  00$aKan't translate$h[videorecording] =$bTradúcelo /$cViveca Vázquez, Taller de Otra Cosa, creators.
=246  31$aTradúcelo
=246  3\$aCan't translate
=260  \\$c1992 Apr.
=300  \\$3viewing copy.$a1 streaming video (59 min., 27 sec.) :$bsd., col.
=490  1\$aViveca Vázquez collection
=546  \\$aIncludes Spanish and English.
=500  \\$aTitle supplied by Hemispheric Institute.
=500  \\$aPart of the Hemispheric Institute Digital Video Library.
=518  \\$aPerformed at the Anfiteatro Julia de Burgos Universidad de Puerto Rico, in April 1992.
=508  \\$aViveca Vázquez, choreographer.
=511  0\$aViveca Vázquez, Teresa Hernández, Eduardo Alegría, Alejandra Martorell, Dorcas Román, performers.
=520  \\$aVideo documentation of Puerto Rican experimental dance performance ‘Kan’t Translate – Tradúcelo,’ choreographed by Viveca Vázquez and performed in the University of Puerto Rico. Viveca Vázquez is a choreographer, dancer, and a professor of humanities and contemporary dance for actors at the University of Puerto Rico. She presented her first work with Pisotón, the first experimental dance group of Puerto Rico and, shortly after, Taller de Otra Cosa, of which she became the first director. Through the company she presented her choreographic work and produced events such as ‘Rompeforma’ a key festival in the development of the experimental dance and performance scene in Puerto Rico, which was co-produced with Puerto Rican choreographer based in the U.S. Merian Soto. Since 1984 she has produced and performed experimental dance works in the United States, Mexico, Venezuela and Argentina, among a great number of other places. As a teacher she has developed a pedagogical model based on body conscience and improvisation.
=520  \\$a‘Kan’t Translate’ explores the idea of speaking bodies on stage and questions the language that we pretend to ‘understand.’ The second part of the title, ‘Tradúcelo’ (Translate it), addresses the audience, and shows a trusting in the capacity of communication through the language of the body. This piece contrasts harmony and rupture, as well as individual movements and group movements, exploring a different notion of the idea of ‘choreography.’ Also, the continuous alternation between absences and presences on stage dialogues with the video insert that presents a letter to ‘Dear Mr. Governor, Majesty,’ which becomes another kind of ‘presence’ on stage, both made of words and rooted in political power. The last part of this performance explores the language of dance and theatre, and incorporates humor as another form of communication and political satire.
=534  \\$pMedia source original:$e1 videocassette of 1 (VHS) : sd., col. ; 1/2 in. SP.$m[no brand-red box].
=540  \\$aThere are copyright restrictions on this collection. For more information, go to the online version of this video.
=650  \0$aHuman body and language$vDrama.
=650  \0$aBody language$vDrama.
=650  \0$aCommunication$xPolitical aspects$vDrama.
=650  \0$aMovement (Acting)
=650  \0$aTheater$xPolitical aspects$vHumor.
=650  \0$aExperimental theater.
=650  \0$aExperimental dance.
=655  \7$aPerformance.$2nyu-hidvl
=655  \7$aDance.$2nyu-hidvl
=655  \7$aContemporary dance.$2nyu-hidvl
=655  \7$aExperimental dance.$2nyu-hidvl
=700  1\$aVázquez, Viveca.$4cre$4chr$4prf
=700  1\$aHernandez, Teresa.$4prf
=700  1\$aAlegria, Eduardo.$4prf
=700  1\$aMartorell, Alejandra.$4prf
=700  1\$aRoman, Dorcas.$4prf
=710  2\$aTaller de Otra Cosa Inc.$4cre
=710  2\$aHemispheric Institute Digital Video Library.
=830  \0$aViveca Vázquez collection.
=856  40$uhttp://hdl.handle.net/2333.1/4f4qrgzs

