=LDR  04121cgm a22006615a 4500
=001  000515398
=003  NNU
=004  NYUb13504323
=005  20071210173430.0
=006  m\\\\\\\\z\\\\\\\\
=007  vd\cvaizu
=007  vf\ciahou
=007  cr\cna
=007  cr\|||||||||||
=008  070612e19920711nyu050\\\\\\\\\\\\vleng\d
=024  7\$aHI2007_042_01$2nyu-hidvl
=024  7\$aHI2007.042_01$2nyu-hidvl
=035  \\$a(NYU)NYUb13504323
=040  \\$aNNU$cNNU$eamim
=245  00$aPeggy Shaw and Lois Weaver at Dixon Place$h[videorecording]
=246  3\$aWeaver and Shaw at Dixon Place
=260  \\$c1992 July 11.
=300  \\$3master.$a1 videocassette of 1 (Digital Betacam) (50 min.) :$bsd., col. ;$c1/2 in.
=300  \\$3viewing copy.$a1 videodisc of 1 (DVD) (50 min.) :$bsd., col. ;$c4 3/4 in.
=490  1\$aSplit Britches video collection
=530  \\$aAlso available online as streaming video.
=500  \\$aTitle supplied by Hemispheric Institute.
=500  \\$aPart of the Hemispheric Institute Digital Video Library.
=534  \\$pMedia source original:$e1 videocassette of 1 (Mini DV) : sd., col. ; 1/4 in. SP.$mFuji H471 S60.
=518  \\$aPerformed at Dixon Place, New York City, on July 11, 1992.
=508  \\$aSplit Britches, producer ; Lois Weaver, Peggy Shaw, directors ; Stormy Brandenberger, choreography ; Carol Stone, technician.
=511  1\$aLois Weaver, Peggy Shaw, Vicky Genfan, Claire Moed, Leslie Feinberg.
=520  \\$aSince 1981, the Split Britches Company (founded by Lois Weaver, Peggy Shaw, and Deb Margolin, www.splitbritches.com) has written and performed in trio, duet, and solo, as well as collaborated and performed with other artists. They describe their work in this way: 'Our work is rooted in popular culture, but positioned against it. It relies on moments rather than plot, relationships rather than story. It depends on the surprise of transformation rather than the logic of psychological narrative. It straddles the line between performance and theater, exploiting theatricality while exposing the pretense. It is about a community of outsiders, queers, eccentrics. It is feminist because it encourages the imaginative potential in everyone and lesbian because it takes the presence of lesbian on stage as a given.' Their vaudevillian satirical gender-bending performances have received numerous awards, including a Jane Chamber award and four Village Voice OBIE awards. Their collection of scripts, 'Split Britches Feminist Performance/Lesbian Practice', edited by Sue Ellen Case, won the 1997 Lambda Literary Award for Drama. This video documents a work-in-progress by Lois Weaver and Peggy Shaw, staged at experimental theater venue Dixon Place in New York City in 1992. An informal evening on issues of butch-femme, gender and 'queer', it is a collaboration with artists Vicky Genfan, Claire Moed and Leslie Feinberg. The resulting piece is a vaudevillian satirical gender-bending performance 'for your theoretical entertainment'.
=540  \\$aThere are copyright restrictions on this collection. For more information, go to the online version of this video.
=650  \0$aLesbian theater.
=650  \0$aFeminist theater.
=650  \0$aLesbian feminism.
=650  \0$aLesbianism.
=650  \0$aGender identity.
=653  \\$aButch-femme
=655  \7$aPerformance.$2nyu-hidvl
=655  \7$aTheater.$2nyu-hidvl
=655  \7$aLesbian theater.$2nyu-hidvl
=655  \7$aFeminist theater.$2nyu-hidvl
=655  \7$aPerformances (entertainment events).$2aat
=655  \7$aPerformance art.$2aat
=655  \7$aTheater (discipline).$2aat
=700  1\$aWeaver, Lois.$4drt$4prf
=700  1\$aShaw, Peggy.$4drt$4prf
=710  2\$aSplit Britches (Theatre company)$4pro
=710  2\$aDixon Place.
=710  2\$aHemispheric Institute Digital Video Library.
=830  \0$aSplit Britches video collection.
=856  40$uhttp://hdl.handle.net/2333.1/fqz612t0

