=LDR  04060cgm a2200589 a 4500
=001  000560680
=003  NNU
=004  NYUb13553516
=005  20071210173435.0
=006  m\\\\\\\\z\\\\\\\\
=007  vd\cvaizu
=007  vf\ciahou
=007  cr\cna
=007  cr\|||||||||||
=008  071114e19930620nyu072\\\\\\\\\\\\vleng\d
=024  7\$aHI2005_016_01$2nyu-hidvl
=024  7\$aHI2005.016_01$2nyu-hidvl
=035  \\$a(NYU)NYUb13553516
=040  \\$aNNU$cNNU$eamim
=245  00$aDrum lives$h[videorecording]
=246  33$aNic Billey & Ben Geboe :$bDrum lives
=260  \\$c1993 June 20.
=300  \\$3master.$a1 videocassette of 1 (Digital Betacam) (72 min.) :$bsd., col. ;$c1/2 in.
=300  \\$3viewing copy.$a1 videodisc of 1 (DVD) (72 min.) :$bsd., col. ;$c4 3/4 in.
=490  1\$aAmerican Indian Community House collection
=530  \\$aAlso available online as streaming video.
=500  \\$aTitle supplied by Hemispheric Institute.
=500  \\$aPart of the Hemispheric Institute Digital Video Library.
=534  \\$pMedia source original:$e1 videocassette of 1 (VHS) : analog sd., col. ; 1/2 in.
=518  \\$aPerformed at The American Indian Community House, New York City, on June 20, 1993.
=508  \\$aAmerican Indian Community House, producer ; Nic Billey, director, creator ; Ben Geboe, creator.
=511  0\$aNic Billey, performer ; Ben Geboe, performer ; Alan Walsh, musician.
=520  \\$aDrum Lives, performed by Nic Billey and Ben Geboe, is a 1993 HIV awareness piece that also addressed issues concerning alcohol abuse, substance abuse, and others. The American Indian Community House (AICH) is an urban Indian center that services the needs of the Native people living in New York City and welcomes Native visitors to the city. AICH was founded in 1969 and has become a de facto neighborhood serving as a meeting place for the diverse Native community of the New York City area. The Community House offers a variety of services ranging from substance abuse and HIV counseling, to career assistance. It is also home to the only Indian owned and operated art gallery in New York City. The AICHs Performing Arts Department has become an important resource for Native visual and performance artists. Through its programming, performance has become an important educational vehicle, both for the Native and non-Native NY community. The Badger's Corner, initiated in the 1980s, is an education-via-entertainment vehicle for the AICHs visual and performing arts department programs. Taking its name from the Pueblo legend of the four-legged creature who led the Pueblo people out of the underworld after the great flood, the intent of its programming is to inform and challenge people to rethink their concept(s) of Native American people and customs. All performances at AICH are presented under the auspices of the Badgers Corner. Indian Summer is an annual event at AICH and an occasion for artists to present their latest works to the community and the general public. All performers, whether new to the field or veteran practitioners, are encouraged to present their work.
=540  \\$aThere are copyright restrictions on this collection. For more information, go to the online version of this video.
=650  \0$aHIV (Viruses)
=650  \0$aHIV (Viruses)$xSocial aspects.
=650  \0$aSubstance abuse.
=655  \7$aPerformance.$2nyu-hidvl
=655  \7$aDance.$2nyu-hidvl
=655  \7$aImprovisation.$2nyu-hidvl
=655  \7$aPolitical performance.$2nyu-hidvl
=655  \7$aAmerican Indian performance.$2nyu-hidvl
=700  1\$aBilley, Nic.$4cre
=700  1\$aGeboe, Ben.$4cre
=710  2\$aAmerican Indian Community House (New York, N.Y.)$4pro
=710  2\$aHemispheric Institute Digital Video Library.
=830  \0$aAmerican Indian Community House collection.
=856  40$uhttp://hdl.handle.net/2333.1/dv41ns9w

