=LDR  03292cgm a22006615a 4500
=001  000509489
=003  NNU
=004  NYUb13497706
=005  20080229161142.0
=006  m\\\\\\\\z\\\\\\\\
=007  vd\cvaizu
=007  vf\ciahou
=007  cr\cna
=007  cr\|||||||||||
=008  070517e19930630mx\018\\\\\\\\\\\\vlspa\d
=024  7\$aHI2006_104_01$2nyu-hidvl
=024  7\$aHI2006.104_01$2nyu-hidvl
=040  \\$aNNU$cNNU$eamim
=043  \\$an-mx---
=245  04$aUna mujer desesperada$h[videorecording].
=260  \\$c1993 June 30.
=300  \\$3master.$a1 videocassette of 1 (Digital Betacam) (18 min.) :$bsd., col. ;$c1/2 in.
=300  \\$3viewing copy.$a1 videodisc of 1 (DVD) (18 min.) :$bsd., col. ;$c4 3/4 in.
=490  1\$aFOMMA video collection
=530  \\$aAlso available online as streaming video.
=546  \\$aIn Spanish.
=500  \\$aTitle supplied by Hemispheric Institute.
=500  \\$aPart of the Hemispheric Institute Digital Video Library.
=534  \\$pMedia source original:$e1 videocassette of 1 (VHS) : sd., col. ; 1/2 in. SP.$m3M.
=518  \\$aPerformed in San Cristóbal de las Casas, Chiapas, Mexico, on June 30, 1993.
=508  \\$aFortaleza de la Mujer Maya (FOMMA), Sna Jtz'ibajom, producers ; Petrona de la Cruz Cruz, writer.
=511  1\$aPetrona de la Cruz Cruz, Isabel Juárez Espinosa, Diego.
=520  \\$aFOMMA - Fortaleza de la Mujer Maya - is a collective of Mayan women who use theater as a tool for education and community building. They are performers, playwrights, and teachers who tour their work in their communities and internationally, performing plays that focus on women's and indigenous rights, literacy, cultural survival, ecology, health, and education in the Tzeltal and Tzotzil indigenous languages. 'Una mujer desesperada' is a play about domestic violence in which a woman and her daughter are at the mercy of the new husband/stepfather who is an alcoholic and an abusive person. The piece was produced by Sna Jtz'ibajom, the theater company that Isabel Juárez Espinoza and Petrona de la Cruz Cruz were a part of before they founded FOMMA in 1994.
=540  \\$aThere are copyright restrictions on this collection. For more information, go to the online version of this video.
=650  \0$aTheater$zMexico.
=650  \0$aFamily violence.
=650  \0$aIndigenous women$xAbuse of.
=650  \0$aAlcoholism.
=653  \\$aDomestic violence
=653  \\$aNative women's issues
=653  \\$aIndigenous theater
=655  \7$aPerformance.$2nyu-hidvl
=655  \7$aTheater.$2nyu-hidvl
=655  \7$aCommunity theater.$2nyu-hidvl
=655  \7$aIndigenous theater.$2nyu-hidvl
=655  \7$aNative women's theater.$2nyu-hidvl
=655  \7$aMexican theater.$2nyu-hidvl
=700  1\$aCruz Cruz, Petrona de la,$d1965-$4aut$4prf
=710  2\$aFortaleza de la Mujer Maya (Organization)$4pro
=710  2\$aSna Jtz'ibajom.$4pro
=710  2\$aHemispheric Institute Digital Video Library.
=830  \0$aFOMMA video collection.
=856  40$uhttp://hdl.handle.net/2333.1/vdncjt8t

