=LDR  03537ngm a2200481 a 4500
=001  003756423
=005  20140421214321.0
=006  m\\\\\\\\c\\\\\\\\
=007  cr\cna|||m|||a
=007  cr\|||||||||||
=008  130606s1993\\\\mx\004\\\\\\\\s\\\vlspa\d
=024  7\$aHI2011_045_01$2nyu-hidvl
=040  \\$aNNU$beng$cNNU
=041  0\$aspa
=043  \\$an-mx---
=245  02$aCorazón sangrante$h[videorecording] /$cAstrid Hadad, creator, producer ; Ximena Cuevas, creator, director ; Marisa León, producer.
=260  \\$c1993.
=300  \\$3viewing copy.$a1 streaming video (4 min.) :$bsd., col.
=490  1\$aAstrid Hadad collection
=546  \\$aIn Spanish.
=500  \\$aTitle supplied by Hemispheric Institute.
=500  \\$aPart of the Hemispheric Institute Digital Video Library.
=508  \\$aRosina Rivas, production manager ; Guillermo Rosas, director of photography ; Martha Ortiz Chapa, Annete Fradera, music producer ; Omar Ortiz, musical director.
=511  0\$aAstrid Hadad, protagonist ; Omar Ortiz, Ernesto Anaya, Leonel López, Alfonso Hernández, Sibila de Villa, Alejandra Hernández, musicians.
=520  \\$aThis awarded video clip, produced independently, offers a particular reading of Astrid Hadad’s aesthetic proposal through the song ‘Corazón sangrante.’ The video clip immerses itself in the colors, sounds, and moving images of Adelitas and virgins. Hadad’s body and voice are at the center of this imagery, contrasting with landscapes that suggest links between the female body and the Mexican political body. At the same time, the multiplied presence of Astrid Hadad suggests that identities related to gender, sexuality, and politics are not static but mobile and complex.
=520  \\$aAstrid Hadad is a vocalist and performance artist from Mexico. Her work as a solo performance artist took off in 1995 with her show ‘Heavy Nopal.’ The term ‘heavy nopal’ refers to the Mexican cactus distilled to make tequila and is how Hadad describes her style of performance. Her shows follow the format of a cabaret, in which Hadad dazzles her audience with stunning vocals and elaborated costumes. She appropriates iconic images in Mexican culture, straps them to her body, and walks onstage to reconfigure their meanings. Through her voice and her body, Hadad challenges to her audience to adopt her system of cultural processing. Most of her work challenges cultural norms pertaining to gender roles in Mexican society. She also addresses issues of US neo imperialism. Hadad writes, produces, and promotes her own work.
=534  \\$pMedia source original:$e1 videocassette of 1 (Betacam SP) : sd., col. ; 1/2 in..$mSony Anti-static Betacam SP (Outsource Conversion)
=540  \\$aThere are copyright restrictions on this collection. For more information, go to the online version of this video.
=650  \0$aHuman body$xPolitical aspects
=650  \0$aWomen$xPhysiology$xPolitical aspects.
=650  \0$aSex differences$xPolitical aspects.
=650  \0$aWomen$xSexual behavior$zMexico.
=650  \0$aWomen singers$zMexico.
=650  \0$aPerformance artists$zMexico.
=655  \7$aMusic video.$2nyu-hidvl
=655  \7$aVideo art.$2nyu-hidvl
=700  1\$aHadad, Astrid.$4cre$4pro$4prf
=700  1\$aCuevas, Ximena,$d1963-$4cre$4drt
=700  1\$aLeón, Marisa.$4pro
=710  2\$aHemispheric Institute Digital Video Library.
=830  \0$aAstrid Hadad collection.
=856  40$uhttp://hdl.handle.net/2333.1/g1jwswbj

