=LDR  03093cgm a2200505 a 4500
=001  003745724
=004  003745724
=005  20140421211033.0
=006  m\\\\\\\\c\\\\\\\\
=007  vd\cvaizu
=007  cr\cna|||m|||a
=007  cr\|||||||||||
=007  vd\cvaizu
=008  130501s1993\\\\bl\012\\\\\\\\\\\\vlpor\d
=024  7\$aHI2011_027_01$2nyu-hidvl
=024  7\$aHI2011.027_01$2nyu-hidvl
=040  \\$aNNU$beng$cNNU
=041  0\$apor
=043  \\$as-bl---
=079  \\$a(OCoLC)845246596
=245  00$aSamba no Pé$h[videorecording] /$cZeca Ligiéro, director and researcher ; Núcleo de Estudos das Perfomances Afro-Ameríndias (NEPAA), producer.
=260  \\$c1993.
=300  \\$a1 videodisc of 1 (DVD) (11 min., 57 sec.) :$bsd., col. ;$c4 3/4 in.$3viewing copy.
=490  1\$aNEPAA-Núcleo de Estudos das Performances Afro-Ameríndias/Zeca Ligiéro collection
=546  \\$aIn Portuguese.
=500  \\$aTitle supplied by Hemispheric Institute.
=500  \\$aPart of the Hemispheric Institute Digital Video Library.
=518  \\$aPerformed in Rio de Janeiro, Brazil, in 1993; Screened in the Festival de Cinema Negro, Rio de Janeiro, 2009.
=508  \\$aElton Medeiros, (original concept) ; Leonardo Bremer, editor.
=511  1\$aElton Medeiros, Lygia dos Santos, Jair do Cavaquinho, tap dancers ; Luís Felipe de Lima, Jaime Vignole, Sodré, musicians ; Grupo Folclórico da UFRJ, dancers ; D'Ávila.
=520  \\$aThis documentary shows a unique style of tap dancing, influenced by slave house traditions, European immigration, and African dances - such as the jongo - that were incorporated into Brazilian culture. This very urban carioca tap dancing is the synthesis of Brazilian tap dancing: the slyness of finding the rhythm and creating sound with the feet.
=520  \\$aZeca Ligiéro is currently Associate Professor at the Federal University of Rio de Janeiro State and the curator of Augusto Boal Archive. He coordinates since 1998 the Center for the Study of Afro-Amerindian Performances-NEPAA, which is dedicated to promoting research, dissemination, and exchange with various cultures of African, Indigenous, and other non-hegemonic origin, and to studying their inter-relations within Brazil.
=530  \\$aAlso available online as streaming video.
=534  \\$pMedia source original:$e1 videocassette of 1 (Mini DV) : sd., col. ; 1/4 in. SP.$mSony Premium DVM60-ME
=540  \\$aThere are copyright restrictions on this collection. For more information, go to the online version of this video.
=650  \0$aTap dancing$zBrazil.
=650  \0$aSamba (Dance)$zBrazil$zRio de Janeiro.
=655  \7$aDocumentary$2nyu-hidvl
=700  1\$aLigiéro, Zeca,$d1950-$4drt$4res
=710  2\$aNúcleo de Estudos das Performances Afro-Ameríndias.$4pro
=710  2\$aHemispheric Institute Digital Video Library.
=830  \0$aNEPAA-Núcleo de Estudos das Performances Afro-Ameríndias/Zeca Ligiéro collection.
=856  40$uhttp://hdl.handle.net/2333.1/6m905s2g

