=LDR  05241cgm a22006255a 4500
=001  000091836
=003  NNU
=004  NYUb13062180
=005  20100805114022.0
=006  m\\\\\\\\z\\\\\\\\
=007  vd|cvaizu
=007  vf|ciahou
=007  cr\|||||||||||
=007  vd
=008  050808s1993\\\\nyu009\\\\\\\\\\\\vleng\d
=024  7\$aHI2005_005_01$2nyu-hidvl
=024  7\$aHI2005.005_01$2nyu-hidvl
=035  \\$a(NYU)NYUb13062180
=040  \\$aNNU$cNNU$eamim
=245  00$aWhite Eagle and Pura Fé sing Rudy Martin's songs$h[videorecording]
=246  1\$iTitle on DVD cover and title screen:$aConcert duet, White Eagle and Purate [sic]
=260  \\$c1993.
=300  \\$3viewing copy.$a1 videodisc of 1 (DVD) (8 min.) :$bsd., col. ;$c4 3/4 in.
=300  \\$3master.$a1 videocassette of 1 (Digital Betacam) (8 min.) :$bsd., col. ;$c1/2 in.
=490  1\$aAmerican Indian Community House collection
=500  \\$aTitle supplied by Hemispheric Institute.
=500  \\$aPart of the Hemispheric Institute Digital Video Library.
=530  \\$aAlso available online as streaming video.
=534  \\$pMedia source original:$e1 videocassette of 1 (VHS) : sd., col. ; 1/2 in.$mAMPEX 189.
=518  \\$aPerformed at The American Indian Community House, New York City, in 1993.
=508  \\$aAmerican Indian Community House, producer ; Rudy Martin, composer and lyricist.
=511  0\$aRudy Martin, piano ; White Eagle, singer ; Pura Fé, singer.
=520  \\$aWhite Eagle and Pura Fe perform songs written and composed by Rudy Martin (1951-1993). Interspersed between songs, Martin offers insight into the stories and meaning behind his lyrics. Rudy Martin (1951-1993), a Tewa/Navajo/Apache Indian from New Mexico was a talented lyricist, singer, and musician who was committed to educating the non-Indian public about Indians on and off the reservation. Martin worked as the public relations director for the American Indian Community House (AICH) in New York City. He also served as a character consultant for PBS's children's television series Shining Time Station and earned his master of Fine Arts degree from New York Universitys Tisch School of The Arts. Pura Fe (Tuscarora), is a singer, composer, teacher, poet, dancer, and actress. She has studied with the American Ballet Theatre and Martha Graham, and has sung with the Mercer Ellington Orchestra. Fe is the founding member of Ulali, formerly known as Pura Fe, an a cappella Native women's trio that blends a variety of traditional and contemporary indigenous music of the Americas. White Eagle (Rosebud Sioux), was the first American Indian to sing lead roles in American musical theater and opera. He graduated from the prestigious Merola Opera Program at the San Francisco Opera and has performed with the Pennsylvania Opera Theater, Florentine Opera, Cleveland Opera, and others. The American Indian Community House (AICH) is an urban Indian center that services the needs of the Native people living in New York City and welcomes Native visitors to the city. AICH was founded in 1969 and has become a de facto neighborhood serving as a meeting place for the diverse Native community of the New York City area. The Community House offers a variety of services ranging from substance abuse and HIV counseling, to career assistance. It is also home to the only Indian owned and operated art gallery in New York City. The AICHs Performing Arts Department has become an important resource for Native visual and performance artists. Through its programming, performance has become an important educational vehicle, both for the Native and non-Native NY community. The Badger's Corner, initiated in the 1980s, is an education-via-entertainment vehicle for the AICHs visual and performing arts department programs. Taking its name from the Pueblo legend of the four-legged creature who led the Pueblo people out of the underworld after the great flood, the intent of its programming is to inform and challenge people to rethink their concept(s) of Native American people and customs. All performances at AICH are presented under the auspices of the Badgers Corner.
=540  \\$aThere are copyright restrictions on this collection. For more information, go to the online version of this video.
=650  \0$aVocal duets, Unaccompanied.
=650  \0$aVocal duets.
=650  \0$aIndians of North America$vMusic.
=650  \0$aIndian musicians.
=650  \0$aIndians$vMusic.
=655  \7$aPerformance.$2nyu-hidvl
=655  \7$aConcert.$2nyu-hidvl
=655  \7$aContemporary Native American music.$2nyu-hidvl
=655  \7$aIndigenous performance.$2nyu-hidvl
=700  1\$aMartin, Rudy.$4cmp$4prf$4mus$4lyr
=700  0\$aPura Fé$4prf$4voc$4mus
=700  0\$aWhite Eagle$c(Musician)$4prf$4voc$4mus
=710  2\$aUlali (Musical group)
=710  2\$aAmerican Indian Community House (New York, N.Y.)$4pro
=710  2\$aHemispheric Institute Digital Video Library.
=830  \0$aAmerican Indian Community House collection.
=856  40$uhttp://hdl.handle.net/2333.1/fj6q57bs

