=LDR  05597cgm a22008415a 4500
=001  000518090
=003  NNU
=004  NYUb13507240
=005  20140421142948.0
=006  m\\\\\\\\z\\\\\\\\
=007  vd\cvaizu
=007  vf\ciahou
=007  cr\cna
=007  cr\|||||||||||
=007  \\vd
=008  070619e19930626nyu104\\\\\\\\\\\\vleng\d
=024  7\$aHI2005_062_A_01$2nyu-hidvl
=024  7\$aHI2005_062_B_01$2nyu-hidvl
=024  7\$aHI2005.062_01_A$2nyu-hidvl
=035  \\$a(NYU)NYUb13507240
=040  \\$aNNU$cNNU$eamim
=245  00$aPower pipes$h[videorecording]
=246  3\$aSpiderwoman Theater :$bPower pipes
=260  \\$c1993 June 26.
=300  \\$3master.$a2 videocassettes of 2 (Digital Betacam) (104 min.) :$bsd., col. ;$c1/2 in.
=300  \\$3viewing copy.$a2 videodiscs of 2 (DVD) (104 min. : pt.A, 87 min. ; pt.B, 17 min.) :$bsd., col. ;$c4 3/4 in.
=490  1\$aAmerican Indian Community House collection
=530  \\$aAlso available online as streaming video.
=500  \\$aSpiderwoman Theater: Lisa Mayo, Gloria Miguel, Muriel Miguel.
=500  \\$aTitle supplied by Hemispheric Institute.
=500  \\$aPart of the Hemispheric Institute Digital Video Library.
=534  \\$pMedia source original:$e1 videocassette of 1 (VHS) : analog sd., col. ; 1/2 in.
=518  \\$aPerformed at The American Indian Community House, New York City, on June 26, 1993.
=508  \\$aAmerican Indian Community House, producer ; Spiderwoman Theater, creator ; Muriel Miguel, director ; Jim Cyrus, introducer.
=511  1\$aLisa Mayo, Gloria Miguel, Muriel Miguel, Hortencia Colorado, Elvira Colorado, Murielle Borst.
=520  \\$aSpiderwoman Theaters Power Pipes is a humorous, yet serious look at the instruments that are a part of the lives of the Kuna/Rappahannock Indians. Pan-pipes represent life's breath and the drum represents the heartbeat. This is one of several theater pieces in which Spiderwoman Theater critiqued the misuse of Native spirituality by both Native and non-Native people. The group believes that some traditions can and should change, and challenges tradition here by playing the drum despite the opposition of some Native people, who believe women -especially those of childbearing age- should not touch the sacred drum. Spiderwoman Theater is the longest continuous running Native female performance group. Comprised of three Kuna/ Rappahannock sisters from Brooklyn, New York, Lisa Mayo, Gloria Miguel, and Muriel Miguel, the group has travel all over the world giving performance, lectures, and workshops. 
=520  \\$aNamed after the weaver in the Hopi creation story the sisters storyweave their message in a variety of formats including poetry, dance, theater, and song. The American Indian Community House (AICH) is an urban Indian center that services the needs of the Native people living in New York City and welcomes Native visitors to the city. AICH was founded in 1969 and has become a de facto neighborhood serving as a meeting place for the diverse Native community of the New York City area. The Community House offers a variety of services ranging from substance abuse and HIV counseling, to career assistance. It is also home to the only Indian owned and operated art gallery in New York City. The AICHs Performing Arts Department has become an important resource for Native visual and performance artists. Through its programming, performance has become an important educational vehicle, both for the Native and non-Native NY community.   
=520  \\$aThe Badger's Corner, initiated in the 1980s, is an education-via-entertainment vehicle for the AICHs visual and performing arts department programs. Taking its name from the Pueblo legend of the four-legged creature who led the Pueblo people out of the underworld after the great flood, the intent of its programming is to inform and challenge people to rethink their concept(s) of Native American people and customs. All performances at AICH are presented under the auspices of the Badgers Corner.  
=540  \\$aThere are copyright restrictions on this collection. For more information, go to the online version of this video.
=650  \0$aIndians of North America.
=650  \0$aIndians of North America$xEthnic identity.
=650  \0$aIdentity (Psychology)
=650  \0$aIndians$xSocial life and customs.
=650  \0$aIndian women.
=650  \0$aSpirituality.
=653  \\$aIdentity politics
=653  \\$aNative theater
=655  \7$aPerformance.$2nyu-hidvl
=655  \7$aTheater.$2nyu-hidvl
=655  \7$aNative theater.$2nyu-hidvl
=655  \7$aUrban Indian performance.$2nyu-hidvl
=655  \7$aIndigenous women's theater.$2nyu-hidvl
=655  \7$aPolitical performance.$2nyu-hidvl
=700  1\$aMiguel, Muriel.$4drt$4prf
=700  1\$aMayo, Lisa.$4prf
=700  1\$aMiguel, Gloria.$4prf
=700  1\$aColorado, Hortencia.$4prf
=700  1\$aColorado, Elvira.$4prf
=700  1\$aBorst, Murielle.$4prf
=700  1\$aCyrus, Jim.$4oth
=710  2\$aAmerican Indian Community House (New York, N.Y.)$4pro
=710  2\$aSpiderwoman Theatre.$4cre
=710  2\$aHemispheric Institute Digital Video Library.
=830  \0$aAmerican Indian Community House collection.
=856  40$uhttp://hdl.handle.net/2333.1/p5hqbzw8
=853  00$81$apt.
=863  50$81.1$aA$p31142042579998
=863  50$81.2$aB$p31142042580004
=954  \\$81$aVolumes

