=LDR  05465ngm a2200601 a 4500
=001  003290068
=004  003290068
=005  20100221130314.0
=006  m\\\\\\\\z\\\\\\\\
=007  vd\cvaiz|
=007  cr\cna|||m|||a
=007  vd\cvaizu
=007  cr\|||||||||||
=008  100113e199312uuck\123\\\\\\\\\\\\vlspa\d
=024  7\$aHI2009_001_01$2nyu-hidvl
=024  7\$aHI2009.001_01$2nyu-hidvl
=040  \\$aNNU$beng$cNNU
=041  0\$aspa
=043  \\$as-ck---
=079  \\$a(OCoLC)607265300
=245  00$aHoracio$h[videorecording].
=260  \\$c1993 Dec.
=300  \\$3viewing copy.$a1 videodisc of 1 (DVD) (123 min.) :$bsd., col. ;$c4 3/4 in.
=490  1\$aMapa Teatro : Laboratorio de Artistas collection
=500  \\$aTitle supplied by Hemispheric Institute.
=546  \\$aIn Spanish.
=500  \\$aPart of the Hemispheric Institute Digital Video Library.
=518  \\$aPerformed at the Penitenciaría Central La Picota and Teatro Camarín del Carmen, Bogotá, Colombia.
=508  \\$aMapa Teatro, creator, producer ; Inmates of the Penitenciaría Central La Picota, creator ; Heidi Abderhalden Cortés, director ; Heiner Müller, author ; Sergio Mesa, music consultant ; Elizabeth Abderhalden, costume designer ; Daniel Demont, lighting designer.
=511  0\$aRolf Abderhalden, Jaime Acevedo Mesa, Nelson Acosta Izquierdo, Edilberto Delgado Quintero, César Estupiñán, Omar Gaviria Roa, Luis Hernando Jaramillo, Iván Darío Londoño, Rodrigo Nieto Tejedor, performers.
=520  \\$aVideo documentation of Mapa Teatro's production of Heiner Müller's "Horacio," created with prison inmates of La Picota central penitentiary in Bogotá. This video includes takes from the rehearsal process with the prisoners at La Picota. Rehearsal was interrupted by authorities that peacefully requested that the group leave the stage location. Camera follows the group of actors and the director onto the street appearing to be unintentionally recording the activities with few prolonged and established shots. The camera obscurely captures this live occurrence of their removal and new found location in a prison yard policed by armed men, including friendly banter between the actors and police, large vehicles move in and out of the yard, footage of chained barred fence with groups of uniformed and armed police milling about on both sides as actors board a bus that pulls up inside the yard. Camera follows the group of actors and director from the prison yard by bus to the Camarín del Carmen theater and through pre-show warm-ups, ensemble and personal interviews with the actors. The production is staged in the context of the International Human Rights Day. The play begins 3/4 through the tape. Under a large spotlight on a sparse stage with rope, wire and flowers hanging from the ceiling, the play experiments with the representation of an enclosed space. The project demonstrates the work of the actors' imagination of both mental and physical space as they enact their role through movements, gestures and the manipulation of objects. The video ends approximately 15 minutes into the performance.
=520  \\$aOne of the foremost artistic companies in Colombia, Mapa Teatro (www.mapateatro.org) has been producing theater, performance and art installation projects since 1984. Founders and directors, Rolf and Heidi Abderhalden have created a wide ranging repertoire of theater, opera, mixed-media performance, and site-specific installation. Their work proposes richly textured visual metaphors in which they consider often complex psychological, social and political relationships. Committed to experimentation, and less interested in the actor as an 'agent of fiction', they describe their project as 'a laboratory of social imagination' that offers a space for presenting community issues and human concerns in media and performance. This combination of real-life situations and sites along with highly stylized aesthetic staging produces a tension between real action and (re)presentation. Mapa Teatro draws from live events captured on video such as the demolition of a neighborhood in Bogotá, ritual practice, and texts that explore the relationship of postmodern subjects, myth and metaphor. Mapa Teatro has performed by commissions, festivals and collaborative projects world-wide.
=530  \\$aAlso available online as streaming video.
=534  \\$pMedia source original:$e1 videocassette of 1 (VHS) : sd., col. ; 1/2 in. SP.$mJVC T-120.
=540  \\$aThere are copyright restrictions on this collection. For more information, go to the online version of this video.
=650  \0$aPrison theater$zColombia$zBogotá.
=650  \0$aTheater$zColombia$zBogotá.
=650  \0$aHuman rights$zColombia$zBogotá.
=651  \0$aBogotá (Colombia)
=655  \7$aPerformance.$2nyu-hidvl
=655  \7$aTheater.$2nyu-hidvl
=655  \7$aExperimental theater.$2nyu-hidvl
=655  \7$aPrison theater.$2nyu-hidvl
=655  \7$aColombian theater.$2nyu-hidvl
=700  1\$aMüller, Heiner,$d1929-1995.$4aut
=700  1\$aAbderhalden, Heidi.$4drt
=710  2\$aMapa Teatro.$4pro$4cre
=710  2\$aPenitenciaría Central (Bogotá, Colombia)$4cre
=710  2\$aHemispheric Institute Digital Video Library.
=830  \0$aMapa Teatro : Laboratorio de Artistas collection.
=856  40$uhttp://hdl.handle.net/2333.1/31zcrjx6

