=LDR  05666cgm a22005895a 4500
=001  000516404
=003  NNU
=004  NYUb13505414
=005  20080408144603.0
=006  m\\\\\\\\z\\\\\\\\
=007  vd\cvaizu
=007  vf\ciahou
=007  cr\cna
=007  cr\|||||||||||
=008  070613e199307uuwlk073\\\\\\\\\\\\vleng\d
=024  7\$aHI2006_031_01$2nyu-hidvl
=024  7\$aHI2006.031_01$2nyu-hidvl
=035  \\$a(NYU)NYUb13505414
=040  \\$aNNU$cNNU$eamim
=041  0\$aeng$aspa$aque
=043  \\$as-pe---
=245  00$aDemostración pedagógica de Teresa Ralli$h[videorecording].
=246  31$aTeresa Ralli's pedagogical demonstration
=260  \\$c1993 July.
=300  \\$3master.$a1 videocassette of 1 (Digital Betacam) (73 min.) :$bsd., col. ;$c1/2 in.
=300  \\$3viewing copy.$a1 videodisc of 1 (DVD) (73 min.) :$bsd., col. ;$c4 3/4 in.
=490  1\$aYuyachkani collection
=530  \\$aAlso available online as streaming video.
=546  \\$aIn English, with some Spanish and Quechua.
=500  \\$aTitle supplied by Hemispheric Institute.
=500  \\$aPart of the Hemispheric Institute Digital Video Library.
=534  \\$pMedia source original:$e1 videocassette of 1 (VHS) : sd., col. ; 1/2 in. SP.
=518  \\$aPerformed in Cardiff, United Kingdom, in July 1993.
=508  \\$aGrupo Cultural Yuyachkani, producer, director.
=511  1\$aTeresa Ralli, lecturer/performer.
=520  \\$aIn this pedagogical demonstration, Teresa Ralli, one of the original and remaining members of Peruvian theater ensemble Grupo Cultural Yuyachkani, explains her acting technique to a group of British students. Ms. Ralli discusses the artistic training of her body and her voice as well as her approach to character development. Teresa demonstrates that body training stresses body memory, composition and accumulation. In terms of voicework, Ralli discusses the need to find an 'organic' voice and the importance of vocal interpretation; she also demonstrates the importance of breath in voicework. Ms. Ralli believes actors must give the voice a task, a use of the text, and should take the voice out of its 'normal space.' To demonstrate the leap from ordinary to extra-ordinary uses of voice and text, the artist imitates popular Peruvian chants such as slogans commonly used by street vendors; in this demonstration, Ralli switches languages, from English to Spanish to Quechua (an indigenous language of Peru which is rarely spoken by people from outside indigenous communities, but has been consistently incorporated in Yuyachkani's work, turning into one of the ensemble's distinguishing elements). This pedagogical demonstration also includes object manipulation work, including exercises that explore the weight, balance and center of diverse objects. In order to illustrate her research on the subject, Ralli includes a demonstration of her work with chairs, which is a fundamental part of the Yuyachkani technique in object-work. Finally, the artist shows the audience some aspects of character development, demonstrating diverse stages in the creation of one of her characters, 'El Chusco,' featured in 'Músicos Ambulantes,' a musical spectacle created by Yuyachkani in 1983 and still performed today. Weight, balance, volume, flows of energy and centers of balance, showcased in this demonstration, are central aspects in Yuyachkani's (re)search of what they term an 'actor múltiple' or 'multiple actor,' a performer who explores and embodies the interplay between technique and sensitive/bodily memory. Peru's most important theatre collective, Grupo Cultural Yuyachkani (www.yuyachkani.org) has been working since 1971 at the forefront of theatrical experimentation, political performance, and collective creation. 'Yuyachkani' is a Quechua word that means 'I am thinking, I am remembering'; under this name, the theatre group has devoted itself to the collective exploration of embodied social memory, particularly in relation to questions of ethnicity, violence, and memory in Peru. The group is comprised of seven actors (Augusto Casafranca, Amiel Cayo, Ana Correa, Débora Correa, Rebeca Ralli, Teresa Ralli, and Julián Vargas), a technical designer (Fidel Melquíades), and an artistic director (Miguel Rubio), who have made a commitment to collective creation as a mode of theatrical production and to group theater as a life style. Their work has been among the most important in Latin America's so called 'New Popular Theater,' with a strong commitment to grass-roots community issues, mobilization, and advocacy. Yuyachkani won Peru's National Human Rights Award in 2000. Known for its creative embrace of both indigenous performance forms as well as cosmopolitan theatrical forms, Yuyachkani offers insight into Peruvian and Latin American theatre, and to broader issues of postcolonial social aesthetics.
=540  \\$aThere are copyright restrictions on this collection. For more information, go to the online version of this video.
=650  \0$aActing$xTechnique.
=650  \0$aWomen performance artists$zPeru.
=650  \0$aTheater$zPeru.
=655  \7$aPedagogical demonstration.$2nyu-hidvl
=655  \7$aTheater.$2nyu-hidvl
=655  \7$aDemonstration.$2nyu-hidvl
=700  1\$aRalli, Teresa.$4prf$4spk
=710  2\$aGrupo Cultural Yuyachkani.$4pro$4drt
=710  2\$aHemispheric Institute Digital Video Library.
=830  \0$aYuyachkani collection.
=856  40$uhttp://hdl.handle.net/2333.1/73n5tb9g

