=LDR  06724cgm a2200769 a 4500
=001  000080012
=003  NNU
=004  NYUb13049241
=005  20080408160129.0
=006  m\\\\\\\\z\\\\\\\\
=007  vd\cvaizu
=007  vf\ciahou
=007  cr\|||||||||||
=007  vd
=008  050624e199306uumx\120\\\\\\\\\\\\vlspa\d
=024  7\$aHI2004_058_01$2nyu-hidvl
=024  7\$aHI2004_059_01$2nyu-hidvl
=024  7\$aHI2004.058_01$2nyu-hidvl
=040  \\$aNNU$cNNU$eamim
=041  0\$aspa
=043  \\$an-mx---
=079  \\$a(OCoLC)878606345
=245  00$aFoximiliano y Martota$h[videorecording].
=246  31$aFoximiliano and Martota
=260  \\$c2003 June.
=300  \\$3viewing copy.$a2 videodiscs of 2 (DVD) (120 min.: pt.1, 57 min.; pt.2, 63 min.) :$bsd., col. ;$c4 3/4 in.
=300  \\$3master.$a2 videocassettes of 2 (Digital Betacam) (120 min.) :$bsd., col. ;$c1/2 in.
=490  1\$aEl Hábito collection
=530  \\$aAlso available online as streaming video.
=546  \\$aIn Spanish.
=500  \\$aTitle supplied by Hemispheric Institute.
=500  \\$aPart of the Hemispheric Institute Digital Video Library.
=534  \\$pMedia source original:$e2 videocassettes of 2 (Mini DV) : sd., col. ; 1/4 in.$mPanasonic DVM 60.
=518  \\$aPerformed at Teatro Bar El Hábito, Mexico City, Mexico, in June 2003.
=508  \\$aJesusa Rodríguez, writer, producer, director ; Liliana Felipe, producer, original music.
=511  1\$aJesusa Rodríguez, Ana Francis Mor, Nora Huerta, Marisol Gasé, Cecilia Sotres, Liliana Felipe, Pedro Maya.
=520  \\$aInstalled in the Castle of Chapultepec and conflating the 19th, 20th, and 21st centuries, Mexico's former emperor Maximilian of Habsburg, his wife Carlota, and former President Benito Juárez await 'History's judgment.' In the meantime, they entertain themselves -and the audience, a 'flock' to whom thought is prohibited- 'killing time with historic dignity.' The historical characters play betting games of dexterity (betting the political destiny of the fatherland), play political miniature horse races, perform a ballroom gestural dance to Catholicism, and watch a satiric puppet rendition of 'Red Riding Hood' where a girl resembling Mexico's First Lady Marta Sahagún teams up with an American wolf (who is in war with Iraq) in order to kill Grandma Vicenta (resembling President Vicente Fox) and seize political control of the hemisphere. In the meantime, Carlota, historically accused of madness, asks her 'magic' mirror to predict Mexico's 2006 electoral outcome. From Carlota's futuristic mirror (a 'reflecting film'), once 'reloaded,' springs History, who comes to judge the political characters and the problems of Mexico's so-called progress, ultimately deciding to stop the course of historical events. To Carlota's question on who will win the 2006 presidential race, History responds that no one can achieve it except for Mexico's athlete Ana Gabriela Guevara. But the athlete (staged as a transformed/strip-teased Juarez) refuses to get involved in politics, ending the story, and thus leaving History as an open ended question mark. Mexican director, actress, playwright, performance artist, scenographer, entrepreneur, and social activist Jesusa Rodríguez has been called the most important woman of Mexico. Often referred to as a 'chameleon,' Rodríguez moves seemingly effortlessly and with vigor across the spectrum of cultural forms, styles, and tones. Her 'espectáculos' (as both spectacles and shows) challenge traditional classification, crossing with ease generic boundaries: from elite to popular to mass, from Greek tragedy to cabaret, from pre-Columbian indigenous to opera, from revue, sketch and 'carpa,' to performative acts within political projects. Humor, satire, linguistic play, and the body are constants in her productions. She seeks to render corporal and, thus, visible, the tensions between the discourses in operation on and through the individual and collective body. Rodriguez's energy is intense and her commitment non-negotiable, always interrogating the nature, site, and consequences of power and its representation. Liliana Felipe, one of Latin America's foremost singers and composers, was born in Argentina in the 1950s. She left for Mexico just before the outbreak of the 'Dirty War' (1976), but her sister and brother-in-law were both 'disappeared'--victims of the military dictatorship's criminal politics. Liliana's music has a wide following in Latin America. She continues to be a powerful presence in Argentina, working with human rights organizations--especially H.I.J.O.S. (the organization of the children of the disappeared). In Mexico, Liliana went to one of Jesusa Rodríguez's performances. Jesusa, catching a glimpse of Felipe in the audience, remembers saying to herself: 'I am going to die with that woman.' Since then, Liliana and Jesusa have created two performance spaces, El Cuervo and later El Hábito in Coyoacán, Mexico City, that they still run. They 'married' in February 2000. El Hábito (www.elhabito.com.mx) is a hotbed for intellectuals, feminists, gay rights activists and open-minded, progressive people who want to be engaged by a smart and critical humor. In this off-off space, and with the collaboration of their theater cooperative Las Divas, Jesusa y Liliana have produced hundreds of shows since the 1980s.
=540  \\$aThere are copyright restrictions on this collection. For more information, go to the online version of this video.
=650  \0$aPolitics, Practical$zMexico.
=651  \0$aMexico$xPolitics and government.
=653  \\$aMexico electoral politics
=653  \\$aPolitical satire
=655  \7$aPerformance.$2nyu-hidvl
=655  \7$aCabaret.$2nyu-hidvl
=655  \7$aTheater.$2nyu-hidvl
=655  \7$aSatire.$2nyu-hidvl
=655  \7$aPolitical performance.$2nyu-hidvl
=655  \7$aQueer performance.$2nyu-hidvl
=700  1\$aRodríguez, Jesusa.$4aut$4pro$4drt$4prf
=700  1\$aFelipe, Liliana.$4pro$4cmp$4prf
=700  1\$aMor, Ana Francis.$4prf
=700  1\$aHuerta, Nora.$4prf
=700  1\$aGasé, Marisol.$4prf
=700  1\$aSotres, Cecilia.$4prf
=700  1\$aMaya, Pedro.$4prf
=710  2\$aHemispheric Institute Digital Video Library.
=830  \0$aJesusa Rodríguez & Liliana Felipe : El Hábito collection.
=856  40$uhttp://hdl.handle.net/2333.1/zpc86719
=853  00$81$apt.
=863  50$81.1$a1$p31142042823917
=863  50$81.2$a2$p31142042823925
=954  \\$81$aVolumes

