=LDR  04214cgm a22007095a 4500
=001  000515858
=003  NNU
=004  NYUb13504816
=005  20140421144526.0
=006  m\\\\\\\\z\\\\\\\\
=007  vd\cvaizu
=007  vf\ciahou
=007  cr\cna
=007  \\vd
=007  cr\|||||||||||
=008  070612s1993\\\\nmu108\\\\\\\\\\\\vleng\d
=024  7\$aHI2007_048_A_01$2nyu-hidvl
=024  7\$aHI2007_048_B_01$2nyu-hidvl
=024  7\$aHI2007.048_01_A$2nyu-hidvl
=035  \\$a(NYU)NYUb13504816
=040  \\$aNNU$cNNU$eamim
=245  00$aDress suits to hire$h[videorecording].
=246  3\$aDress suits for hire
=260  \\$c1993.
=300  \\$3master.$a2 videocassettes of 2 (Digital Betacam) (108 min.) :$bsd., col. ;$c1/2 in.
=300  \\$3viewing copy.$a2 videodiscs of 2 (DVD) (108 min. : pt.A, 73 min. ; pt.B, 35 min.) :$bsd., col. ;$c4 3/4 in.
=490  1\$aSplit Britches video collection
=530  \\$aAlso available online as streaming video.
=500  \\$aTitle supplied by Hemispheric Institute.
=500  \\$aPart of the Hemispheric Institute Digital Video Library.
=534  \\$pMedia source original:$e1 videocassette of 1 (VHS) : sd., col. ; 1/2 in. SP.$mScotch T-120.
=518  \\$aPerformed in Santa Fe, New Mexico, in 1993.
=508  \\$aSplit Britches, producer ; Lois Weaver, director ; Holly Hughes, writer
=511  1\$aLois Weaver, Peggy Shaw.
=520  \\$aSince 1981, the Split Britches Company (founded by Lois Weaver, Peggy Shaw, and Deb Margolin, www.splitbritches.com) has written and performed in trio, duet, and solo, as well as collaborated and performed with other artists. They describe their work in this way: 'Our work is rooted in popular culture, but positioned against it. It relies on moments rather than plot, relationships rather than story. It depends on the surprise of transformation rather than the logic of psychological narrative. It straddles the line between performance and theater, exploiting theatricality while exposing the pretense. It is about a community of outsiders, queers, eccentrics. It is feminist because it encourages the imaginative potential in everyone and lesbian because it takes the presence of lesbian on stage as a given'. Their vaudevillian satirical gender-bending performances have received numerous awards, including a Jane Chamber award and four Village Voice OBIE awards. Their collection of scripts, 'Split Britches Feminist Performance/Lesbian Practice', edited by Sue Ellen Case, won the 1997 Lambda Literary Award for Drama. This video documents their show 'Dress Suits to Hire'. Written by Holly Hughes in collaboration with Peggy Shaw and Lois Weaver, the piece uses images from pulp fiction and film noir to portray the erotic cat-and-mouse relationship between characters Deluxe and Michigan, two women who live in a clothing store. Heated fantasies, brassy broads and sexual charades make for a carnivorous free-for-all. The video also includes a Q&A session with Shaw and Weaver at the end of the performance.
=540  \\$aThere are copyright restrictions on this collection. For more information, go to the online version of this video.
=650  \0$aLesbian theater.
=650  \0$aFeminist theater.
=650  \0$aLesbianism.
=653  \\$aPulp fiction
=655  \7$aPerformance.$2nyu-hidvl
=655  \7$aTheater.$2nyu-hidvl
=655  \7$aLesbian theater.$2nyu-hidvl
=655  \7$aFeminist theater.$2nyu-hidvl
=655  \7$aPerformances (entertainment events).$2aat
=655  \7$aPerformance art.$2aat
=655  \7$aTheater (discipline).$2aat
=700  1\$aWeaver, Lois.$4drt$4prf
=700  1\$aShaw, Peggy.$4prf
=700  1\$aHughes, Holly,$d1955 Mar. 10-$4aut
=710  2\$aSplit Britches (Theatre company)$4pro
=710  2\$aHemispheric Institute Digital Video Library.
=830  \0$aSplit Britches video collection.
=853  00$81$apt.
=863  50$81.1$aA$p31142045845735$wg
=863  50$81.2$aB$p31142045845727
=856  40$uhttp://hdl.handle.net/2333.1/jh9w0w36
=954  \\$81$aVolumes

