=LDR  04223cgm a2200673 a 4500
=001  000539527
=003  NNU
=004  NYUb13530634
=005  20151021131837.0
=006  m\\\\\\\\z\\\\\\\\
=007  vd\cvaizu
=007  vf\ciahou
=007  cr\cna
=007  cr\|||||||||||
=008  070508s1993\\\\hiu114\\\\\\\\\\\\vleng\d
=024  7\$aHI2007_060_A_01$2nyu-hidvl
=024  7\$aHI2007_060_B_01$2nyu-hidvl
=024  7\$aHI2007.060_01_A$2nyu-hidvl
=035  \\$a(NYU)NYUb13530634
=040  \\$aNNU$cNNU$eamim
=043  \\$an-us-hi
=245  00$aValley of the dolls house$h[videorecording]
=260  \\$c1993.
=300  \\$3master.$a2 videocassettes of 2 (Digital Betacam) (114 min.) :$bsd., col. ;$c1/2 in.
=300  \\$3viewing copy.$a2 videodiscs of 2 (DVD) (114 min. : pt.A, 74 min. ; pt.B, 40 min.) :$bsd., col. ;$c4 3/4 in.
=490  1\$aSplit Britches video collection
=530  \\$aAlso available online as streaming video.
=500  \\$aTitle supplied by Hemispheric Institute.
=500  \\$aPart of the Hemispheric Institute Digital Video Library.
=534  \\$pMedia source original:$e1 videocassette of 1 (VHS) : sd., col. ; 1/2 in. SP.$mT-120.
=518  \\$aPerformed at University of Hawaii, Manoa, Hawaii, in 1993.
=508  \\$aSplit Britches, producer ; Lois Weaver, director, writer ; Peggy Shaw, Deb Margolin, writers ; University of Hawaii students, collaborative creation.
=511  1\$aLois Weaver, Peggy Shaw, Deb Margolin, University of Hawaii performance class.
=520  \\$aSince 1981, the Split Britches Company (founded by Lois Weaver, Peggy Shaw, and Deb Margolin, www.splitbritches.com) has written and performed in trio, duet, and solo, as well as collaborated and performed with other artists. They describe their work in this way: 'Our work is rooted in popular culture, but positioned against it. It relies on moments rather than plot, relationships rather than story. It depends on the surprise of transformation rather than the logic of psychological narrative. It straddles the line between performance and theater, exploiting theatricality while exposing the pretense. It is about a community of outsiders, queers, eccentrics. It is feminist because it encourages the imaginative potential in everyone and lesbian because it takes the presence of lesbian on stage as a given.' Their vaudevillian satirical gender-bending performances have received numerous awards, including a Jane Chamber award and four Village Voice OBIE awards. Their collection of scripts, Split Britches Feminist Performance/Lesbian Practice, edited by Sue Ellen Case, won the 1997 Lambda Literary Award for Drama. This video documents their show Valley of the Dolls House, created in residency with 26 students from the University of Hawaii in 1993. Based on Henrik Ibsens A Doll's House and Jacqueline Susann's Valley of the Dolls, the piece is a celebration of difference and a critique of whiteness set in the uniquely multicultural city of Honolulu that is both besieged by and dependent on a tacky tourist trade.
=540  \\$aThere are copyright restrictions on this collection. For more information, go to the online version of this video.
=600  10$aIbsen, Henrik,$d1828-1906.$tDukkehjem.$lEnglish.
=600  10$aSusann, Jacqueline.$tValley of the dolls.
=650  \0$aMulticulturalism$zHawaii.
=650  \0$aTourism$zHawaii.
=655  \7$aPerformance.$2nyu-hidvl
=655  \7$aTheater.$2nyu-hidvl
=655  \7$aPolitical theater.$2nyu-hidvl
=655  \7$aUniversity theater.$2nyu-hidvl
=700  1\$aWeaver, Lois.$4drt$4aut$4prf
=700  1\$aShaw, Peggy.$4aut$4prf
=700  1\$aMargolin, Deb.$4aut$4prf
=710  2\$aSplit Britches (Theatre company)$4pro
=710  2\$aUniversity of Hawaii at Manoa.
=710  2\$aHemispheric Institute Digital Video Library.
=830  \0$aSplit Britches video collection.
=856  40$uhttp://hdl.handle.net/2333.1/zgmsbcq1
=853  00$81$apt.
=863  50$81.1$aA$p31142042580269
=863  50$81.2$aB$p31142042580277
=954  \\$81$aVolumes

