=LDR  04817cgm a2200481 a 4500
=001  003964056
=005  20140421225346.0
=006  m\\\\\\\\c\\\\\\\\
=007  cr\cna|||m|||a
=007  cr\|||||||||||
=008  140310e19931016mau052\\\\\\\\s\\\vleng\d
=024  7\$aHI2013_013_01$2nyu-hidvl
=040  \\$aNNU$beng$cNNU
=041  0\$aeng$aspa
=245  00$aBlood speaks$h[videorecording] /$cCoatlicue Las Colorado, creator ; New WORLD Theater, producer.
=260  \\$c1993 Oct. 16.
=300  \\$3viewing copy.$astreaming video (51 min., 31 sec.) :$bsd., col.
=490  1\$aNew WORLD Theater collection
=546  \\$aIncludes English and Spanish.
=500  \\$aTitle supplied by Hemispheric Institute.
=500  \\$aPart of the Hemispheric Institute Digital Video Library.
=518  \\$aPerformed at the Hampden Theater in Amherst, Massachusetts, on October 16, 1993.
=508  \\$aMonique Fordham, videographer.
=511  1\$aCoatlicue Las Colorado, performer.
=520  \\$aCoatlicue Theater Company's ‘Blood Speaks’ deals with the pivotal role that religion played in the oppression and genocide of native people. In the course of the play the artists reclaim their voices and begin to rewrite history, in their own terms. This video documentation from 1993 features an early stage of Coatlicue’s theater career, where they were developing and strengthening their aesthetic and political proposal. The play opens with a ritual of the beginning of Earth, in dialogue with the characters’ Mayan/Aztec heritage. The stories and history of cultural struggles, from Spanish conquest and colonization to immigration and border politics, have the female body as a central site of violence.
=520  \\$aElvira and Hortencia Colorado, Chichimec Otomi storytellers, playwrights, performers and community activists are founding members of Coatlicue Theater Company (www.coatlicue.com). They are also members of Danza Mexica Cetiliztli, New York Zapatistas and the American Indian Community House. The company's plays address social, political, cultural, and identity issues that impact their lives and their community. Their work is based on stories they weave together, with which they educate as well as entertain the audience. They have conducted storytelling/ theater workshops, and are recipients of the Ingrid Washinawatok Community Activism Award. In 2013, Coatlicue Theater Company celebrated 25 years of performance, culture, and activism.
=520  \\$aFrom 1979-2009, the New WORLD Theater worked at the intersection of artistic practice, community engagement, scholarship, and activism toward a vision of a ‘new world’—one that broke the confines of multiculturalism and was an artistic harbinger of America’s shifting demographics. From a geographic ‘outpost’ in New England, New WORLD Theater evolved from a community organizing project and the Northeast point on a theater touring compass, to a protective studio to hone new work, a site of international intersections from South Africa to the South Bronx, and the home of inspired and rigorous collaborations with Western Massachusetts youth. New performance work development at New WORLD defied the conventional theater play lab as ghetto for artists of color; artists were met where they wanted to be in the imagining of new approaches, methods, and production. One of New WORLD Theater’s artistic legacies is Project 2050, a multi-year youth arts initiative built on the demographic projection that people of color would become the majority in the United States by 2050. The program brought together professional artists, youth communities from Massachusetts, scholars, and community activists to engage civic dialogue and create original performances based on themes that addressed young performers’ dreams and concerns. Performances were created from workshops that included playwriting, poetry, breakdancing, drumming, beatboxing, lyricism, singing, songwriting, stepping, and visual art.
=534  \\$pMedia source original:$e1 videocassette of 1 (VHS) : sd., col. ; 1/2 in. SP.$m3M Master Broadcast Anti-Stat.
=540  \\$aThere are copyright restrictions on this collection. For more information, go to the online version of this video.
=650  \0$aIndigenous women.
=650  \0$aStorytelling.
=650  \0$aFolklore.
=650  \0$aPerformance art.
=655  \7$aPerformance.$2nyu-hidvl
=655  \7$aTheater.$2nyu-hidvl
=655  \7$aStorytelling.$2nyu-hidvl
=655  \7$aNative theater.$2nyu-hidvl
=710  2\$aCoatlicue Las Colorado.$4cre$4prf
=710  2\$aNew WORLD Theater.$4pro
=710  2\$aHemispheric Institute Digital Video Library.
=830  \0$aNew WORLD Theater collection.
=856  40$uhttp://hdl.handle.net/2333.1/zkh18bwj

