=LDR  05674ngm a2200709 a 4500
=001  000540596
=003  NNU
=004  NYUb13531775
=005  20090409123040.0
=006  m\\\\\\\\z\\\\\\\\
=007  vd\cvaizu
=007  vf\ciahou
=007  cr\cna
=007  cr\|||||||||||
=008  070904s1994\\\\cau078\\\\\\\\\\\\vlspa\d
=024  7\$aHI2007_106_01$2nyu-hidvl
=024  7\$aHI2007_107_01$2nyu-hidvl
=024  7\$aHI2007.106_01$2nyu-hidvl
=040  \\$aNNU$cNNU$eamim
=041  0\$aspa$anah
=245  03$aLa virgen del Tepeyac$h[videorecording]
=246  33$aFour apparitions of our Lady of Guadalupe
=260  \\$c1994 Dec.
=300  \\$a2 videocassettes of 2 (Digital Betacam) (78 min.) :$bsd., col. ;$c1/2 in.$3master.
=300  \\$a2 videodiscs of 2 (DVD) (78 min. : pt.1, 63 min. ; pt.2, 15 min.) :$bsd., col. ;$c4 3/4 in.$3viewing copy.
=490  1\$aEl Teatro Campesino collection
=530  \\$aAlso available online as streaming video.
=546  \\$aIn Spanish, with occasional phrases in Nahuatl.
=500  \\$aLa Virgen del Tepeyac: The Miracle Play Christmas Pageant of the Four Apparitions of our Lady of Guadalupe.
=500  \\$aTitle supplied by Hemispheric Institute.
=500  \\$aPart of the Hemispheric Institute Digital Video Library.
=534  \\$pMedia source original:$e2 videocassettes of 2 (Mini DV) : sd., col. ; 1/4 in. SP.$mPanasonic DVM60 ME.
=518  \\$aPerformed at San Juan Bautista Mission, San Juan Bautista, California, in Dec. 1994.
=508  \\$aEl Teatro Campesino, producer ; Marilyn Abad & Phil Esparza, producers ; Kinan Valdez & Maria Candelaria, directors ; based on Mexican folk tradition ; Luis Valdez, adaptation ; Gilberto Cadilli, Paul Rangell, Bryan Steeger, Marianne Steeger, musical directors ; Janet Johns, choreography ; Michael Avina, production design ; Anahuac Valdez, lighting design, Leticia Arellano, costumes ; Pancho Rodriguez, sound design ; Milt Commons, stage manager ; Joe Cardinalli, technical director ; Tina Sandoval, associate to producer.
=511  1\$aOlgalydia Urbano, Edgar Sanchez, Tomas Rivera Massé, Gail Orozco, Seth J. Millwood, Kinan Valdez, Anahuac Valdez, Cesar E. Flores, Crystal Gonzales, Rosa Apodaca, Martha Dominguez, Irma Aceves, Jose Luis Espinoza, Ixiim Flores, Celia Hernandez, Jaime Huertas, Janet Johns, Christ Longoria, Sandra Longoria, Graciela Olivar, Roberto Montañez, Jacob Padron, Antonio Moreno, Nellie Longoria, Armando Quintana, Raul Garcia ; Gilberto Cadilli, Paul Rangell, Bryan Steeger, Marianne Steeger (musicians).
=520  \\$aFounded in 1965 by Luis Valdez, El Teatro Campesino was initially the cultural wing of the United Farm Workers union in California's central valley. With a pointed political mission, ETC performed their actos in the fields, agitprop improvisations communicated eloquently with the workers, who could neither read nor write, but recognized themselves and their values in the actos. By 1970 ETC had gained an international reputation, with major contributions to Chicano culture in the U.S. and to the development and expansion of the boundaries of theater everywhere. Theirs is a popular theater rooted in the American streets, early California history, Mayan/Aztec mythology and Mexican folklore and spiritualism, all geared toward expression of social, political and cultural perceptions. La Virgen del Tepeyac is ETCs longest running play and is cherished by audience members who come from all around the world to see it performed at the historic old mission of San Juan Bautista, California. Performed every other year since 1971 in concert with La Pastorela, this Christmas pageant was adapted from a four-character liturgical drama written by an anonymous Mexican or Spanish monk in the 18th Century. Valdez reworked the original story to include new characters and scenes, and also introduced music and dance. Importantly, the piece includes Aztec song and dance, adding complex layers to this pageant which embraces both Catholic and Indigenous rituals. Dramatizing the four apparitions of the Virgin of Guadalupe to the indio Juan Diego on the hill of Tepeyac outside Mexico City in 1531, the play climaxes with the miracle of the roses that sealed the conversion of pre-Columbian Mexico to Christianity. The appearance of the Virgen de Guadalupe stands as a beacon, a shining ray of light and hope, across the centuries of darkness and injustice, for the indios of the Americas.
=540  \\$aThere are copyright restrictions on this collection. For more information, go to the online version of this video.
=600  00$aMary,$cBlessed Virgin, Saint$xApparitions and miracles$vDrama.
=650  \0$aGuadalupe, Our Lady of$vDrama.
=650  \0$aChristmas plays, Mexican.
=653  \\$aReligious theater
=653  \\$aChicano theater
=655  \7$aPerformances (entertainment events).$2aat
=655  \7$aPerformance art.$2aat
=655  \7$aTheater (discipline).$2aat
=700  1\$aAbad, Marilyn.$4pro
=700  1\$aEsparza, Phil.$4pro
=700  1\$aValdez, Kinan.$4drt
=700  1\$aCandelaria, Maria.$4drt
=710  2\$aTeatro Campesino (Organization)
=710  2\$aSan Juan Bautista (Mission : San Juan Bautista, Calif.)
=710  2\$aHemispheric Institute Digital Video Library.
=830  \3$aEl Teatro Campesino collection.
=856  40$uhttp://hdl.handle.net/2333.1/gb5mkm51
=853  00$81$apt.
=863  50$81.1$a1$p31142045979062
=863  50$81.2$a2$p31142045979070
=954  \\$81$aVolumes

