=LDR  04903cgm a22006375a 4500
=001  000511989
=003  NNU
=004  NYUb13500443
=005  20090408133434.0
=006  m\\\\\\\\z\\\\\\\\
=007  vd\cvaizu
=007  vf\ciahou
=007  cr\cna
=007  cr\|||||||||||
=008  070529e199404uuck\058\\\\\\\\\\\\vlspa\d
=024  7\$aHI2006_136_01$2nyu-hidvl
=024  7\$aHI2006.136_01$2nyu-hidvl
=035  \\$a(NYU)NYUb13500443
=040  \\$aNNU$cNNU$eamim
=041  0\$aspa
=043  \\$as-ck---$an-mx---$acl-----
=245  00$aCrónica$h[videorecording].
=260  \\$c1994 Apr.
=300  \\$3master.$a1 videocassette of 1 (Digital Betacam) (58 min.) :$bsd., col. ;$c1/2 in.
=300  \\$3viewing copy.$a1 videodisc of 1 (DVD) (58 min.) :$bsd., col. ;$c4 3/4 in.
=490  1\$aTeatro Experimental de Cali (TEC) / Enrique Buenaventura collection
=530  \\$aAlso available online as streaming video.
=546  \\$aIn Spanish.
=500  \\$aTitle supplied by Hemispheric Institute.
=500  \\$aPart of the Hemispheric Institute Digital Video Library.
=534  \\$pMedia source original:$e1 videocassette of 1 (VHS) : sd., col. ; 1/2 in. SP.$mTDK T-120.
=518  \\$aPerformed in Cali, Colombia, in Apr. 1994.
=508  \\$aEnrique Buenaventura, literary text ; Teatro Experimental de Cali, producer, videographer, costumes, props ; Jacqueline Vidal, staging ; María E. Pérez, Serafín Arzamendía, assistant directors, technical assistance ; José Campo, Alberto Prieto, set design ; José Campo, graphic design ; Juan Carlos Maya, Hernando Artuz, music ; Franklin Cruz, lighting design.
=511  1\$aJacqueline Vidal, Pablo Angarita, Edgar Builes, Lisímaco Núñez, Serafín Arzamendía, Lina María Torres, Hilda Ruiz, Juan Carlos Martínez, Salomé Ceballos, Marco A. Ocampo, Carlos Saldarriaga, Clahiber Rincón, Jairo Suárez, Luis David Diago, Erick Aguilar.
=520  \\$aInspired by a chronicle of the Conquest of Mexico by Bernal Díaz del Castillo, this play tells the story of Gonzalo Guerrero and Jerónimo de Aguilar, two Spanish sailors who integrate themselves to a Mayan community after being captured and enslaved by the Mayans. After being freed due to their good behavior, Guerrero marries the daughter of the Mayan cacique and starts feeling like a Mayan himself. When Cortés arrives in Mexico, he tries to talk both sailors into joining his forces. Aguilar accepts this offer; Guerrero declines. War, negotiation and betrayal ensue, in a chain of events that underscores the atrocities surrounding the Conquest of America. This play highlights native Latin American values and traditions, as a part of TEC's continuous attempt to rescue the roots of Latin American identities. Teatro Experimental de Cali (TEC) is a collective of artists committed to the exploration and creation of new languages for Latin American theater. Founded in Colombia in 1955 by Enrique Buenaventura and a group of students at the Instituto Departamental de Bellas Artes, TEC has had a long and fruitful trajectory; their artistic and theoretical work has revolutionized the way that theater is conceived and practiced in Latin America. A key contribution to the field is their method of 'creación colectiva' ('collective creation'), in which all the participants of the play - including the audience - become involved with the dramatic text and its staging. In spite of this stress on collective work, TEC had in Enrique Buenaventura its main poet and playwright, who developed most of TEC's texts and directed the majority of their plays. While TEC's works address various historical and social issues, artistic quality is not sacrificed for the sake of political radicalism. TEC has thus created a theater that is politically and culturally engaged, poetic and innovative without losing its popular appeal.
=540  \\$aThere are copyright restrictions on this collection. For more information, go to the online version of this video.
=600  10$aCortés, Hernán,$d1485-1547.
=650  \0$aTheater$zColombia.
=650  \0$aColonies.
=650  \0$aValues$zLatin America.
=651  \0$aMexico$xHistory$yConquest, 1519-1540.
=653  \\$aConquest and colonialism
=653  \\$aCreación colectiva
=655  \7$aPerformance.$2nyu-hidvl
=655  \7$aTheater.$2nyu-hidvl
=655  \7$aCollective creation.$2nyu-hidvl
=700  1\$aBuenaventura, Enrique.$4aut
=700  1\$aVidal, Jacqueline.$4prf$4oth
=710  2\$aTeatro Experimental de Cali.$4pro$4vdg$4oth
=710  2\$aHemispheric Institute Digital Video Library.
=830  \0$aTeatro Experimental de Cali (TEC) / Enrique Buenaventura collection
=856  40$uhttp://hdl.handle.net/2333.1/g1jwsv0x

