=LDR  04899cgm a22006135a 4500
=001  000516327
=003  NNU
=004  NYUb13505333
=005  20080129143318.0
=006  m\\\\\\\\z\\\\\\\\
=007  vd\cvaizu
=007  vf\ciahou
=007  cr\cna
=007  cr\|||||||||||
=008  070613e199402uupe\028\\\\\\\\\\\\vlspa\d
=024  7\$aHI2006_035_01$2nyu-hidvl
=024  7\$aHI2006.035_01$2nyu-hidvl
=035  \\$a(NYU)NYUb13505333
=040  \\$aNNU$cNNU$eamim
=043  \\$as-pe---
=245  00$aGuayabo (taller de teatro)$h[videorecording].
=246  31$aGuayabo theater workshop
=260  \\$c1994 Feb.
=300  \\$3master.$a1 videocassette of 1 (Digital Betacam) (28 min.) :$bsd., col. ;$c1/2 in.
=300  \\$3viewing copy.$a1 videodisc of 1 (DVD) (28 min.) :$bsd., col. ;$c4 3/4 in.
=490  1\$aYuyachkani collection
=530  \\$aAlso available online as streaming video.
=546  \\$aIn Spanish.
=500  \\$aTitle supplied by Hemispheric Institute.
=500  \\$aPart of the Hemispheric Institute Digital Video Library.
=534  \\$pMedia source original:$e1 videocassette of 1 (VHS) : sd., col. ; 1/2 in. SP.
=518  \\$aWorkshop held in Guayabo, Chicha, Peru, in Feb. 1994.
=508  \\$aGrupo Cultural Yuyachkani, producer ; Ana Correa, director ; Jorge Baldeón, Rossana Peñaloza, video ; Jorge Baldeón, Mónica Rojas, Ana Correa, editors ; Otto Gygax, photos ; Jorge Baldeón, visual artist ; Nicomedes Santa Cruz, Vicente Vasquez, Hnos. Santa Cruz, Alicia Maguiña, Carlos Haybe, Abelardo Vasquez, Marco Martos, 'La Escalerita', Conjunto 'Cumanana', music.
=511  1\$aAna Correa, Luis Sandoval, Claudia Louchman, Alfredo Alarcón, Monica Rojas (dancer), Rossana Peñaloza (dancer), Otto Gygax (musician).
=520  \\$aVideo documentation of the first of a series of workshops conducted by members of Peruvian theater ensemble Grupo Cultural Yuyachkani in collaboration with local and international artists. The workshops, celebrated with children and youth of the Afro-Peruvian community of Guayabo (Chicha, Peru), were meant to explore and revalue the Afro-Peruvian cultural heritage through theater, plastic/visual arts, dance and music, in an effort to empower the community in the face of existing racism in the country, at a time when the African cultural influence and the Afro-Peruvian population was -and still is- looked down upon. Yuyachkani actress Ana Correa, director of the project, initiated this pedagogical and activist effort inspired by the exploration of Peruvian cultural diversity (including African influences in Peruvian music and dance) in Yuyachkani's renowned spectacle 'Músicos Ambulantes.' Peru's most important theater collective, Grupo Cultural Yuyachkani (www.yuyachkani.org) has been working since 1971 at the forefront of theatrical experimentation, political performance, and collective creation. 'Yuyachkani' is a Quechua word that means 'I am thinking, I am remembering'; under this name, the theater group has devoted itself to the collective exploration of embodied social memory, particularly in relation to questions of ethnicity, violence, and memory in Peru. The group is comprised of seven actors (Augusto Casafranca, Amiel Cayo, Ana Correa, Débora Correa, Rebeca Ralli, Teresa Ralli, and Julián Vargas), a technical designer (Fidel Melquíades), and an artistic director (Miguel Rubio), who have made a commitment to collective creation as a mode of theatrical production and to group theater as a life style. Their work has been among the most important in Latin America's so called 'New Popular Theater,' with a strong commitment to grass-roots community issues, mobilization, and advocacy. Yuyachkani won Peru's National Human Rights Award in 2000. Known for its creative embrace of both indigenous performance forms as well as cosmopolitan theatrical forms, Yuyachkani offers insight into Peruvian and Latin American theater, and to broader issues of postcolonial social aesthetics.
=540  \\$aThere are copyright restrictions on this collection. For more information, go to the online version of this video.
=650  \0$aRacism$zPeru.
=650  \0$aCultural property$zPeru.
=651  \0$aPeru$xCivilization$xAfrican influences.
=653  \\$aGuayabo
=653  \\$aAfro-Peruvian culture
=653  \\$aTheater workshops -- Peru
=655  \7$aWorkshop.$2nyu-hidvl
=700  1\$aCorrea, Ana.$4drt$4edt$4prf
=700  1\$aBaldeón, Jorge.$4vdg$4edt$4art
=700  1\$aPeñaloza, Rossanna.$4vdg
=710  2\$aGrupo Cultural Yuyachkani.$4pro
=710  2\$aHemispheric Institute Digital Video Library.
=830  \0$aYuyachkani collection.
=856  40$uhttp://hdl.handle.net/2333.1/r2280gnp

