=LDR  05100cgm  22006495a 4500
=001  000291429
=003  NNU
=004  NYUb13267240
=005  20080408163257.0
=006  m\\\\\\\\z\\\\\\\\
=007  vd|cvaizu
=007  vf|ciahou
=007  cr\|||||||||||
=007  \\vd
=008  060222s1994\\\\nyu048\\\\\\\\\\\\vleng\d
=024  7\$aHI2005_011_01$2nyu-hidvl
=024  7\$aHI2005.011_01$2nyu-hidvl
=035  \\$a(NYU)NYUb13267240
=040  \\$aNNU$cNNU$eamim
=245  00$aMy ugly child$h[videorecording]
=246  33$aAmerican Indian Youth Theater Project :$bMy ugly child
=260  \\$c1994.
=300  \\$a1 videodisc of 1 (DVD) (48 min.) :$bsd., col. ;$c4 3/4 in.$3viewing copy.
=300  \\$a1 videocassette of 1 (Digital Betacam) (48 min.) :$bsd., col. ;$c1/2 in.$3master.
=490  1\$aAmerican Indian Community House collection
=500  \\$aTitle supplied by Hemispheric Institute.
=500  \\$aPart of the Hemispheric Institute Digital Video Library.
=530  \\$aAlso available online as streaming video.
=534  \\$pMedia source original:$e1 videocassette of 1 (VHS) : sd., col. ; 1/2 in.
=518  \\$aPerformed at The American Indian Community House, New York City, in 1994.
=508  \\$aAmerican Indian Community House, producer ; American Indian Youth Theater Project, creator ; Steve Elm, director, playwright ; Karen Soto, playwright.
=511  1\$aNicole Bennet, Nikole Stetz, Muriel Borst, John Dreher, Sean Colorado.
=520  \\$aMy Ugly Child tells the story of a displaced young Native American woman, drug and HIV sick, who comes to realize that all she knows about being Indian is through what she sees in popular culture, most notably in Hollywood films. On her journey to the Happy Hollywood Hunting Grounds, she meets stock Indian characters that promise to teach her how to be a real Hollywood Indian. This performance was developed by the American Indian Youth Theater Project (a part of the American Indian Youth Council) with special assistance from Karen Soto, and was written and directed by Steve Elm. Steve Elm (Oneida), editor of AMERINDA's Talking Stick Native Arts Quarterly, has worked in the arts on both sides of the Atlantic. Trained at London's Rose Bruford College, Steve has appeared as an actor in film, television and on the stage. He has worked as a playwright and director with London's Common Body Theatre, University of Manchester (England), the American Indian Community House Youth Theatre Project, and was a founding member of Chuka Lokoli Native Theatre Ensemble in New York City. The American Indian Community House (AICH) is an urban Indian center that services the needs of the Native people living in New York City and welcomes Native visitors to the city. AICH was founded in 1969 and has become a de facto neighborhood serving as a meeting place for the diverse Native community of the New York City area. The Community House offers a variety of services ranging from substance abuse and HIV counseling, to career assistance. It is also home to the only Indian owned and operated art gallery in New York City. The AICHs Performing Arts Department has become an important resource for Native visual and performance artists. Through its programming, performance has become an important educational vehicle, both for the Native and non-Native NY community. The Badger's Corner, initiated in the 1980s, is an education-via-entertainment vehicle for the AICHs visual and performing arts department programs. Taking its name from the Pueblo legend of the four-legged creature who led the Pueblo people out of the underworld after the great flood, the intent of its programming is to inform and challenge people to rethink their concept(s) of Native American people and customs. All performances at AICH are presented under the auspices of the Badgers Corner.
=540  \\$aThere are copyright restrictions on this collection. For more information, go to the online version of this video.
=650  \0$aIndians of North America$xEthnic identity.
=650  \0$aIndians of North America$xUrban residence.
=650  \0$aIdentity (Psychology)$xPolitical aspects.
=650  \0$aStereotypes (Social psychology)
=650  \0$aEthnic performing arts.
=653  \\$aIdentity politics
=655  \7$aPerformance.$2nyu-hidvl
=655  \7$aTheater.$2nyu-hidvl
=655  \7$aAmerican Indian theater.$2nyu-hidvl
=655  \7$aNative American performance.$2nyu-hidvl
=655  \7$aAmerican Indian youth theater.$2nyu-hidvl
=700  1\$aElm, Steve.$4aut$4drt
=700  1\$aSoto, Karen.$4aut
=710  2\$aAmerican Indian Community House (New York, N.Y.)
=710  2\$aAmerican Indian Youth Theater Project.
=710  2\$aAmerican Indian Youth Council.
=710  2\$aHemispheric Institute Digital Video Library.
=830  \0$aAmerican Indian Community House collection.
=856  40$uhttp://hdl.handle.net/2333.1/p2ngf25k

