=LDR  03872ngm a2200493   4500
=001  004191960
=005  20151002134708.0
=006  m\\\\\\\\c\\\\\\\\
=007  cr\cna|||m|||a
=007  cr\|||||||||||
=008  151002e19941231nyu052\\\\\\\\s\\\vleng\d
=024  7\$aHI2014_134_01$2nyu-hidvl
=040  \\$aNNU$beng$cNNU
=041  0\$aeng
=245  00$aBob Flanagan & Rose Sheree$h[videorecording] :$bvisiting hours interview.
=246  3\$aBob Flanagan and Rose Sheree :$bvisiting hours interview
=260  \\$c1994 Dec. 31.
=300  \\$3viewing copy.$astreaming video (51 min., 53 sec.) :$bsd., col.
=490  1\$aFranklin Furnace : performance and politics collection
=500  \\$aTitle supplied by the Hemispheric Institute.
=500  \\$aPart of the Hemispheric Institute Digital Video Library.
=511  0\$aBob Flanagan and Sheree Rose, interviewees ; Martha Wilson and Vince Bruns, interviewers.
=518  \\$aRecorded at the New Museum, New York, NY, on December 31, 1994.
=520  \\$aA rare interview with Bob Flanagan and Sheree Rose conducted by Franklin Furnace Founding Director Martha Wilson and her partner, Vince Bruns. Set in the exhibit Visiting Hours: An Installation by Bob Flanagan in collaboration with Sheree Rose at the New Museum, the interview details the duo’s performance art practice. Throughout, Flanagan and Rose discuss the sexual politics of art; pain as an art medium; the gaze of receiving and witnessing pain; art as an erotic gesture; and the spiritual in art. These topics are further discussed in the larger context of performance art history, referencing the erotic work of Ron Athey and Annie Sprinkle in relationship to Flanagan’s performances with Rose.
=520  \\$aBob Flanagan and Sheree Rose began their artistic collaboration in the late 1980’s Los Angeles club and art scenes. Their performance, photography, and video work integrates elements of BDSM, which culminated in the exhibit ‘Visiting Hours’ at the Santa Monica Museum of Art and at the New Museum. After Flanagan’s death to cystic fibrosis in 1996, Rose continued to make artwork honoring Flanagan’s legacy and their collaboration. Rose made contributions to the documentary, ‘Sick: The Life and Death of Bob Flanagan, Supermasochist,’ which premiered at the 1997 Sundance Film Festival and was awarded a Special Jury Prize. She was commissioned by Japan to produce ‘Boballoon,’ a 20-foot inflatable statue of Flanagan that was exhibited at Big Space in Tokyo. Rose shows her photography at international galleries, including the Coagula in Los Angeles, Tate Modern in Liverpool, and Jeu de Paume in Paris, and has presented multiple performances at Highways Performance Space and Gallery in Santa Monica. Long after Flanagan’s death, his artwork with Rose continues to be a model for artists dealing with illness and death.
=534  \\$pMedia source original:$e1 videocassette (VHS) : sd., col. ; 1/2 in. SP.$mTDR E-HG
=540  \\$aThere are copyright restrictions on this collection. For more information, go to the online version of this video.
=546  \\$aIn English.
=600  10$aFlanagan, Bob,$d1952-1996$vInterviews.
=600  10$aSheree, Rose.$vInterviews.
=650  \0$aPerformance art$zUnited States$vExhibitions.
=650  \0$aPerformance art$xHistory.
=650  \0$aPerformance art$xPolitical aspects.
=650  \0$aSadomasochism in art.
=650  \0$aPain in art.
=655  \7$aInterview$2nyu-hidvl
=700  1\$aFlanagan, Bob,$d1952-1996.$4ive
=700  1\$aSheree, Rose.$4ive
=700  1\$aWilson, Martha,$d1947-$4ivr
=700  1\$aBruns, Vince.$4ivr
=710  2\$aHemispheric Institute Digital Video Library.
=830  \0$aFranklin Furnace : performance and politics collection.
=856  40$uhttp://hdl.handle.net/2333.1/5dv41r2b

