=LDR  04885cgm a22006975a 4500
=001  000512393
=003  NNU
=004  NYUb13500865
=005  20080318162056.0
=006  m\\\\\\\\z\\\\\\\\
=007  vd\cvaizu
=007  vf\ciahou
=007  cr\cna
=007  \\vd
=007  cr\|||||||||||
=008  070530s1994\\\\ck\081\\\\\\\\\\\\vlspa\d
=024  7\$aHI2006_147_01$2nyu-hidvl
=024  7\$aHI2006_148_01$2nyu-hidvl
=024  7\$aHI2006.147_01$2nyu-hidvl
=035  \\$a(NYU)NYUb13500865
=040  \\$aNNU$cNNU$eamim
=041  0\$aspa
=043  \\$as-ck---
=245  00$aEn la raya$h[videorecording].
=260  \\$c1994.
=300  \\$3master.$a2 videocassettes of 2 (Digital Betacam) (81 min.) :$bsd., col. ;$c1/2 in.
=300  \\$3viewing copy.$a2 videodiscs of 2 (DVD) (81 min. : pt.1, 62 min. ; pt.2, 19 min.) :$bsd., col. ;$c4 3/4 in.
=490  1\$aTeatro La Candelaria collection
=530  \\$aAlso available online as streaming video.
=546  \\$aIn Spanish.
=500  \\$aTitle supplied by Hemispheric Institute.
=500  \\$aPart of the Hemispheric Institute Digital Video Library.
=534  \\$pMedia source original:$e2 videocassettes of 2 (Mini DV) : sd., col. ; 1/4 in. SP.$mSony DVM60.
=518  \\$aPerformed at Teatro La Candelaria, Bogotá, Colombia, in 1994.
=508  \\$aTeatro La Candelaria, producer ; Santiago García, director ; Diego Pombo, set & costume design ; Hernando Forero, music ; Lina Uribe, sound ; Carlos Robledo, lighting design ; Manuel Monroy, Hernando Herrera, videographers ; Gabrielle Quin, special effects ; Carlos Sánchez, photography.
=511  1\$aCésar Badillo, Adriana Cantor, Fernando Mendoza, Fanny Baena, Nohora Ayala, Liliana Ruiz, Fernando Peñuela, Hernando Forero, Francisco Martínez, Álvaro Rodríguez, Santiago García, Rafael Giraldo, Patricia Ariza.
=520  \\$aThe play deals with one of Colombia's most excruciating problems: social exclusion and its effects on everyday life. The characters in this play are all urban outcasts: homeless, prostitutes, beggars, etc. They are trying to build bridges to the larger community through participation in a theater group. The group wants to do a rendition of García Márquez's 'Crónica de una muerte anunciada'. The difficulties and tensions that arise around this project underline the extreme character of their exclusion, by-product of the abject poverty and lack of opportunities they experience in a society dismembered by class fragmentation and inequalities. At the end, the place where they were rehearsing is shut down and one of them is killed. The project, too, had a 'foretold death'. The play is part of La Calendaria's exploration of non verbal languages as means of dramatic expression; it also marks the beginning of the collaboration with urban poor and the organizations trying to help them. La Candelaria (www.teatrolacandelaria.org.co) was founded in 1966 by a group of independent artists and intellectuals from Colombia's experimental theater and cultural realm. Directed by Santiago García, La Candelaria is one of Colombian theater's most innovative agents, modernizing national drama while addressing popular audiences. By means of an ongoing exploration of national folklore, situations and characters, they have created some of Colombia's most compelling plays, some of them through the method of 'creación colectiva' ('collective creation'), addressing the acute social and political problems of their society. At the same time, they fostered the creation of Corporación Colombiana del Teatro and have developed a number of theoretical works that reflect upon dramatic creation, its methods and languages. Still nowadays, La Candelaria is committed to repertoire, experimentation, and discussion as fundamental elements to artistic creation.
=540  \\$aThere are copyright restrictions on this collection. For more information, go to the online version of this video.
=650  \0$aTheater$zColombia.
=650  \0$aSocial isolation$zColombia.
=650  \0$aMarginality, Social$zColombia.
=650  \0$aUrban poor$zColombia.
=653  \\$aSocial exclusion
=653  \\$aCreatión colectiva
=655  \7$aPerformance.$2nyu-hidvl
=655  \7$aTheater.$2nyu-hidvl
=655  \7$aCollective creation.$2nyu-hidvl
=655  \7$aColombian theater.$2nyu-hidvl
=700  1\$aGarcía, Santiago.$4drt$4prf
=710  2\$aGrupo La Candelaria.$4pro
=710  2\$aHemispheric Institute Digital Video Library.
=830  \0$aTeatro La Candelaria collection.
=853  00$81$apt.
=863  50$81.1$a1$p31142045843656
=863  50$81.2$a2$p31142045843664
=856  40$uhttp://hdl.handle.net/2333.1/x3ffbgjr
=954  \\$81$aVolumes

