=LDR  05241ngm  2200469 a 4500
=001  003994010
=005  20140601132357.0
=006  m\\\\\\\\c\\\\\\\\
=007  cr\cna|||m|||a
=007  cr\|||||||||||
=008  140529s1994\\\\bl\187\\\\\\\\s\\\vlpor\d
=024  7\$aHI2013_027_01$2nyu-hidvl
=024  7\$aHI2013_028_01$2nyu-hidvl
=040  \\$aNNU$beng$cNNU
=041  0\$apor
=043  \\$as-bl---
=245  00$aMissa para atores e público sobre a paixão e o nascimento do Dr. Fausto de acordo com o espírito de nosso tempo$h[videorecording] =$bMass for actors and audience on the passion and birth of Dr. Faust according to the spirit of our time /$cadaptation of the play by Wolfgang Goethe ; text fragments by Antonin Artaud, Arthur Rimbaud, Cristopher Marlowe, Friedrich Nietzsche, Mahabharatha, Plato, and Spitteler ; Paulina Nólibos, theory consultant ; Ói Nóis Aqui Traveiz, collective direction, sets and costumes design;
=246  31$aMass for actors and audience on the passion and birth of Dr. Faust according to the spirit of our time
=260  \\$c1994.
=300  \\$3viewing copy.$astreaming video (186 min., 46 sec.: pt.1, 122 min., 43 sec.; pt.2, 64 min., 3 sec.) :$bsd., col.
=490  1\$aTribo de Atuadores Ói Nóis Aqui Traveiz collection
=500  \\$aTitle supplied by the Hemispheric Institute.
=546  \\$aIn Portuguese.
=500  \\$aPart of the Hemispheric Institute Digital Video Library.
=508  \\$aCátia Alexandra, masks; Zau Figueiredo, puppets; Edu Nascimento, skeletons and crow; Bôlo, lab design/symbol; Ronaldo, plaster statues; Adir Kettenhuber, Isabella Lacerda, Leila Lopes, Manu Estivalet, and Paulo Ferreira, saint statues; Antônio Carlos Textor, and Antônio Oliveira, film; Arlete Cunha and Carlos Moreira, lighting; Cláudia Fontoura and Rogério Lauda, music.
=511  1\$aAdir Kettenhuber, Carolina Garcia, Cátia Alexandra, Cláudia Fontoura, Daniele Fagundes, Kike Barbosa, Marcos Castilhos, Paulo Flores, Rogério Lauda, Sandra Possani, Vera Parenza, Vladimir Moreira, Arlete Cunha, Biño Sawitzki, José Carlos Carvalho, Sandra Alencar, and Tânia Farias, performers.
=518  \\$aRecorded in Porto Alegre, Brazil, in 1994.
=520  \\$aBased in Porto Alegre, The Tribo de Atuadores Ói Nóis Aqui Traveiz was born in 1978 out of a desire for a radical renovation of the language of theatre. During the several years of their existence, they have created a personal aesthetics founded upon the authorial work of the actor, both on the stage and on the streets. Their venue, the Terreira da Tribo de Atuadores Ói Nóis Aqui Traveiz, works as a community theatre school, offering several free workshops open to the public. Their tribal organization is based on the principle of collective work, both in the creative process and in the maintenance of the space. For Ói Nóis Aqui Traveiz, theater is an instrument for both revealing and analyzing reality, and it's function is social: to contribute to the collective knowledge and to the improvement of the quality of life of the people. In a world marked by exclusion, marginalization, homogenization, by dehumanizing and barbaric efforts, they see it as their moral imperative to denounce injustice, sold opinions, authoritarianism, mediocrity and the erasing of memory. Ói Nóis sees theatre as an art of resistance, in the service of arts and politics, an art that does not fit the market patterns for ethics and aesthetics. Instead, they see theater as a way of life and as a vehicle for ideas: a theater that does not comment on life, but that takes part in it.
=520  \\$aThis staging of Goethe's Faust recreates one of the most universal esoteric myths of all times, that of the man who sells his soul to the devil. The entire story of Faust is staged, but not the whole text nor all the scenes. Instead, the audience of 30 people is guided through a succession of dreamlike environments, in a journey towards the unconscious of the character. Ói Nóis' Faust brings up the question of who is, after all, the Faustian man of our time: is it the scientist and the politician, or the outsider, the one who contests the system? This story reveals to the audience two essential factors for human emancipation: the desire for knowledge and the pleasure principal, both crucial for fighting power and fueling revolutions.
=534  \\$pMedia source original:$e2 videocassettes (VHS) : sd., col. ; 1/2 in. SP.$mJVC XG Super VHS master.
=540  \\$aThere are copyright restrictions on this collection. For more information, go to the online version of this video.
=650  \0$aFaust,$dd. ca. 1540$vDrama.
=650  \0$aTheater$zBrazil$zPorto Alegre (Rio Grande do Sul).
=650  \0$aTheater$xPolitical aspects$zBrazil.
=655  \7$aPerformance.$2nyu-hidvl
=655  \7$aTheater.$2nyu-hidvl
=700  1\$aGoethe, Johann Wolfgang von,$d1749-1832.$tFaust.
=710  2\$aOi Nóis Aqui Traveiz (Theater group : Porto Alegre, Rio Grande do Sul, Brazil),$edirector.
=710  2\$aHemispheric Institute Digital Video Library.
=830  \0$aTribo de Atuadores Ói Nóis Aqui Traveiz collection.
=856  40$uhttp://hdl.handle.net/2333.1/fj6q58x3

