=LDR  05194cgm a22006975a 4500
=001  000518547
=003  NNU
=004  NYUb13507737
=005  20071210173431.0
=006  m\\\\\\\\z\\\\\\\\
=007  vd\cvaizu
=007  vf\ciahou
=007  cr\cna
=007  cr\|||||||||||
=008  070620e19940515cau039\\\\\\\\\\\\vlmul\d
=024  7\$aHI2005_070_01$2nyu-hidvl
=024  7\$aHI2005.070_01$2nyu-hidvl
=035  \\$a(NYU)NYUb13507737
=040  \\$aNNU$cNNU$eamim
=041  0\$aeng$aspa
=043  \\$an-us---
=245  00$aUrban revisions$h[videorecording]
=246  3\$aUrban revisions (MOCA)
=260  \\$c1994 May 15.
=300  \\$3master.$a1 videocassette of 1 (Digital Betacam) (39 min.) :$bsd., col. ;$c1/2 in.
=300  \\$3viewing copy.$a1 videodisc of 1 (DVD) (39 min.) :$bsd., col. ;$c4 3/4 in.
=490  1\$aFrom Aztec to High-Tech : the performance video collections of Guillermo Gómez-Peña & La Pocha Nostra, 1985-2004.
=530  \\$aAlso available online as streaming video.
=546  \\$aIn English, Spanish, and Spanglish.
=500  \\$aTitle supplied by Hemispheric Institute.
=500  \\$aPart of the Hemispheric Institute Digital Video Library.
=534  \\$pMedia source original:$e1 videocassette of 1 (VHS) : sd., col. ; 1/2 in. SP.
=518  \\$aPerformed as part of Adobe L.A. Interventions at the Museum of Contemporary Art (MOCA), Los Angeles, California, on May 15, 1994.
=508  \\$aGuillermo Gómez-Peña, director, producer ; La Pocha Nostra, producer ; MOCA, producer ; part of Adobe L.A. Interventions, producer ; Alexandra Moctezuma, videographer.
=511  1\$aGuillermo Gómez-Peña, Roberto Sifuentes, Rubén Martínez.
=520  \\$aRitual spoken word performance by Guillermo Gómez-Peña and Roberto Sifuentes with Chicano journalist, author and musician Rubén Martínez, as a part of Adobe L.A. Interventions. An enigmatic living diorama of a 'Vato cultural specimen' is flanked by a border-crossing 'spoken word' tour de force, a staccato back-and-forth of poetry, word-play, political commentary, autobiographical material, and performative provocation. This intervention was performed in the context of the project 'Urban Revisions: Current Projects in the Public Realm', curated by the Museum of Contemporary Art in Los Angeles, California, and later edited by Elizabeth A. T. Smith. La Pocha Nostra (www.pochanostra.com) is an ever-morphing trans-disciplinary arts organization, founded in 1993 by Guillermo Gómez-Peña, Roberto Sifuentes, and Nola Mariano in California. The objective was to formally conceptualize Gómez-Peña's collaborations with other performance artists. It provides a base (and forum) for a loose network of rebel artists from various disciplines, generations and ethnic backgrounds, whose common denominator is the desire to cross and erase dangerous borders between art and politics, practice and theory, artist and spectator. As of June 2006, members include performance artists Guillermo Gómez-Peña, Violeta Luna, Michelle Ceballos, and Roberto Sifuentes; curators Gabriela Salgado and Orlando Britto; and over thirty associates worldwide in countries such as Mexico, Spain, the UK, and Australia. Projects range from performance solos and duets to large-scale performance installations including video, photography, audio, and cyber-art. La Pocha collaborates across national borders, race, gender and generations. Their collaborative model functions both as an act of citizen diplomacy and as a means to create ephemeral communities of like-minded rebels. The basic premise of these collaborations is founded on an ideal: If we learn to cross borders on stage, we may learn how to do so in larger social spheres. La Pocha strives to eradicate myths of purity and dissolve borders surrounding culture, ethnicity, gender, language, and métier. These are radical acts.
=540  \\$aThere are copyright restrictions on this collection. For more information, go to the online version of this video.
=650  \0$aUrban policy$zUnited States.
=650  \0$aCity planning$zUnited States.
=650  \0$aUrbanization$zUnited States.
=650  \0$aAnthropology$xSocial aspects.
=655  \7$aPerformance.$2nyu-hidvl
=655  \7$aPerformance art.$2nyu-hidvl
=655  \7$aRitual performance.$2nyu-hidvl
=655  \7$aSpoken word performance.$2nyu-hidvl
=655  \7$aBorder art.$2nyu-hidvl
=655  \7$aReverse anthropology.$2nyu-hidvl
=700  1\$aGómez-Peña, Guillermo.$4drt$4pro$4prf
=700  1\$aSifuentes, Roberto,$d1967-$4prf
=700  1\$aMartínez, Rubén.$4prf
=700  1\$aMoctezuma, Alexandra.$4vdg
=710  2\$aAdobe LA.$4pro
=710  2\$aPocha Nostra.
=710  2\$aMuseum of Contemporary Art (Los Angeles, Calif.)
=710  2\$aHemispheric Institute Digital Video Library.
=830  \0$aFrom Aztec to High-Tech : the performance video collections of Guillermo Gómez-Peña & La Pocha Nostra, 1985-2004.
=856  40$uhttp://hdl.handle.net/2333.1/n5tb2rnb

