=LDR  04954cgm a22006375a 4500
=001  000518598
=003  NNU
=004  NYUb13507792
=005  20120514174134.0
=006  m\\\\\\\\z\\\\\\\\
=007  vd\cvaizu
=007  vf\ciahou
=007  cr\cna|||m||||
=007  cr\|||||||||||
=008  070620s1994\\\\nyu037\\\\\\\\\\\\vlmul\d
=024  7\$aHI2005_071_01$2nyu-hidvl
=024  7\$aHI2005.071_01$2nyu-hidvl
=040  \\$aNNU$cNNU$eamim
=041  0\$aeng$aspa
=245  00$aNaftaztec TV$h[videorecording]
=246  3\$aOuttakes of Naftaztec TV
=246  3\$aNaftazteca :$bcyber-Aztec TV for 2000 AD
=260  \\$c1994.
=300  \\$3master.$a1 videocassette of 1 (Digital Betacam) (37 min.) :$bsd., col. ;$c1/2 in.
=300  \\$3viewing copy.$a1 videodisc of 1 (DVD) (37 min.) :$bsd., col. ;$c4 3/4 in.
=490  1\$aFrom Aztec to High-Tech : the performance video collections of Guillermo Gómez-Peña & La Pocha Nostra, 1985-2004.
=530  \\$aAlso available online as streaming video.
=546  \\$aIn English, Spanish, and Spanglish.
=500  \\$aTitle supplied by Hemispheric Institute.
=500  \\$aPart of the Hemispheric Institute Digital Video Library.
=534  \\$pMedia source original:$e1 videocassette of 1 (VHS) : sd., col. ; 1/2 in. SP.$mMaxell T-120.
=518  \\$aPerformed in Troy, New York, in 1994.
=508  \\$aGuillermo Gómez-Peña, creator, co-producer ; Adrienne Jenik, director ; iEAR Studios, producer ; La Pocha Nostra, producer.
=511  1\$aGuillermo Gómez-Peña.
=520  \\$aOuttakes of the actual live satellite transmission of Gómez-Peña's pirate TV broadcast 'El Naftazteca: Cyber-Aztec TV for 2000 AD'. This live satellite transmission, interrupting the nightly news in an act of guerrilla television, presented the artist as a post-NAFTA Cyber-Aztec pirate who commandeered a commercial TV signal from his underground 'Vato bunker', where virtual reality meets border art in a collage of footage ranging from home movies, excerpts of earlier Gómez-Peña performances, Mexican 'B' movies, etc. Radical politics, autobiographical material, 'reverse anthropology' and parodic traces of traditional media broadcasts comprise the content of this legendary video art piece; its finished product was later distributed by Video Data Bank. La Pocha Nostra (www.pochanostra.com) is an ever-morphing trans-disciplinary arts organization, founded in 1993 by Guillermo Gómez-Peña, Roberto Sifuentes, and Nola Mariano in California. The objective was to formally conceptualize Gómez-Peña's collaborations with other performance artists. It provides a base (and forum) for a loose network of rebel artists from various disciplines, generations and ethnic backgrounds, whose common denominator is the desire to cross and erase dangerous borders between art and politics, practice and theory, artist and spectator. As of June 2006, members include performance artists Guillermo Gómez-Peña, Violeta Luna, Michelle Ceballos, and Roberto Sifuentes; curators Gabriela Salgado and Orlando Britto; and over thirty associates worldwide in countries such as Mexico, Spain, the UK, and Australia. Projects range from performance solos and duets to large-scale performance installations including video, photography, audio, and cyber-art. La Pocha collaborates across national borders, race, gender and generations. Their collaborative model functions both as an act of citizen diplomacy and as a means to create ephemeral communities of like-minded rebels. The basic premise of these collaborations is founded on an ideal: If we learn to cross borders on stage, we may learn how to do so in larger social spheres. La Pocha strives to eradicate myths of purity and dissolve borders surrounding culture, ethnicity, gender, language, and métier. These are radical acts.
=540  \\$aThere are copyright restrictions on this collection. For more information, go to the online version of this video.
=650  \0$aTelevision broadcasting.
=650  \0$aAnthropology$xSocial aspects.
=655  \7$aPerformance.$2nyu-hidvl
=655  \7$aPerformance art.$2nyu-hidvl
=655  \7$aVideo art.$2nyu-hidvl
=655  \7$aPirate TV intervention.$2nyu-hidvl
=655  \7$aBorder art.$2nyu-hidvl
=655  \7$aReverse anthropology.$2nyu-hidvl
=700  1\$aGómez-Peña, Guillermo.$4cre$4pro$4prf
=700  1\$aJenik, Adriene.$4drt
=710  2\$aRensselaer Polytechnic Institute.$biEAR Studios.$4pro
=710  2\$aPocha Nostra.$4pro
=710  2\$aHemispheric Institute Digital Video Library.
=830  \0$aFrom Aztec to High-Tech : the performance video collections of Guillermo Gómez-Peña & La Pocha Nostra, 1985-2004.
=856  40$uhttp://hdl.handle.net/2333.1/hdr7sr42

