=LDR  04542cgm a2200577 a 4500
=001  000563576
=003  NNU
=004  NYUb13556628
=005  20080328124206.0
=006  m\\\\\\\\z\\\\\\\\
=007  vd\cvaizu
=007  vf\ciahou
=007  cr\cna
=007  cr\|||||||||||
=008  071121s1994\\\\nyu019\\\\\\\\\\\\vleng\d
=024  7\$aHI2005_041_01$2nyu-hidvl
=024  7\$aHI2005.041_01$2nyu-hidvl
=035  \\$a(NYU)NYUb13556628
=040  \\$aNNU$cNNU$eamim
=245  00$aRudy Martin :$ba celebration of life, 1951-1993$h[videorecording].
=246  3\$iTitle on DVD title screen:$aRuby [sic] Martin : a celebration of life 1951-1993
=260  \\$c1994.
=300  \\$3master.$a1 videocassette of 1 (Digital Betacam) (19 min.) :$bsd., col. ;$c1/2 in.
=300  \\$3viewing copy.$a1 videodisc of 1 (DVD) (19 min.) :$bsd., col. ;$c4 3/4 in.
=490  1\$aAmerican Indian Community House collection
=530  \\$aAlso available online as streaming video.
=500  \\$aTitle supplied by Hemispheric Institute.
=500  \\$aPart of the Hemispheric Institute Digital Video Library.
=534  \\$pMedia source original:$e1 videocassette of 1 (VHS) : analog sd., col. ; 1/2 in.
=518  \\$aHeld at The American Indian Community House, New York City, in 1994.
=508  \\$aAmerican Indian Community House, producer, creator ; Rudy Martin, creator ; Pura Fe, creator ; White Eagle, creator.
=511  0\$aRudy Martin, lyricist, musician, singer ; Pura Fe, singer ; White Eagle, singer.
=520  \\$aRudy Martin: A Celebration of Life, 1951-1993 is a biographical documentary short about Rudy Martins talent as lyricist/composer and his activism concerning Native issues. White Eagle and Pura Fe sing several of Martin's songs; interspaced between the music are Martins lyrical explanations and family photos. Rudy Martin (1951-1993), a Tewa/Navajo/Apache Indian from New Mexico was a talented lyricist, singer, and musician who was committed to educating the non-Indian public about Indians on and off the reservation. Martin worked as the public relations director for the American Indian Community House (AICH) in New York City. He also served as a character consultant for PBS's children's television series Shining Time Station and earned his master of Fine Arts degree from New York Universitys Tisch School of The Arts. The American Indian Community House (AICH) is an urban Indian center that services the needs of the Native people living in New York City and welcomes Native visitors to the city. AICH was founded in 1969 and has become a de facto neighborhood serving as a meeting place for the diverse Native community of the New York City area. The Community House offers a variety of services ranging from substance abuse and HIV counseling, to career assistance. It is also home to the only Indian owned and operated art gallery in New York City. The AICHs Performing Arts Department has become an important resource for Native visual and performance artists. Through its programming, performance has become an important educational vehicle, both for the Native and non-Native NY community. The Badger's Corner, initiated in the 1980s, is an education-via-entertainment vehicle for the AICHs visual and performing arts department programs. Taking its name from the Pueblo legend of the four-legged creature who led the Pueblo people out of the underworld after the great flood, the intent of its programming is to inform and challenge people to rethink their concept(s) of Native American people and customs. All performances at AICH are presented under the auspices of the Badgers Corner.
=540  \\$aThere are copyright restrictions on this collection. For more information, go to the online version of this video.
=650  \0$aIndian musicians.
=650  \0$aIndians$vMusic.
=653  \\$aContemporary Native American musicians
=653  \\$aNative music
=653  \\$aAmerican Indian singers
=655  \7$aDocumentary.$2nyu-hidvl
=700  1\$aMartin, Rudy.$4cre$4lyr$4mus$4voc
=700  0\$aPura Fé$4cre$4voc
=700  0\$aWhite Eagle$c(Musician)$4cre$4voc
=710  2\$aAmerican Indian Community House (New York, N.Y.)$4pro$4cre
=710  2\$aHemispheric Institute Digital Video Library.
=830  \0$aAmerican Indian Community House collection.
=856  40$uhttp://hdl.handle.net/2333.1/kh1893bd

