=LDR  05106cgm a2200661 a 4500
=001  000561658
=003  NNU
=004  NYUb13554501
=005  20080408163400.0
=006  m\\\\\\\\z\\\\\\\\
=007  vd\cvaizu
=007  vf\ciahou
=007  cr\cna
=007  cr\|||||||||||
=008  071115e19940611nyu042\\\\\\\\\\\\vleng\d
=024  7\$aHI2005_018_01$2nyu-hidvl
=024  7\$aHI2005.018_01$2nyu-hidvl
=035  \\$a(NYU)NYUb13554501
=040  \\$aNNU$cNNU$eamim
=245  00$aVoices from the criss-cross bridge$h[videorecording]
=246  3\$iTitle on DVD cover and title screen:$aVoices from the criss cross bridge
=246  33$aLisa Mayo :$bVoices from the criss-cross bridge
=260  \\$c1994 June 11.
=300  \\$3master.$a1 videocassette of 1 (Digital Betacam) (42 min.) :$bsd., col. ;$c1/2 in.
=300  \\$3viewing copy.$a1 videodisc of 1 (DVD) (42 min.) :$bsd., col. ;$c4 3/4 in.
=490  1\$aAmerican Indian Community House collection
=530  \\$aAlso available online as streaming video.
=500  \\$aTitle supplied by Hemispheric Institute.
=500  \\$aPart of the Hemispheric Institute Digital Video Library.
=534  \\$pMedia source original:$e1 videocassette of 1 (VHS) : analog sd., mono., col. ; 1/2 in.
=518  \\$aPerformed at The American Indian Community House, New York City, on June 11, 1994.
=508  \\$aAmerican Indian Community House, producer ; Lisa Mayo,creator.
=511  1\$aLisa Mayo.
=520  \\$aVoices from the Criss-Cross Bridge is a one-woman piece, developed by Lisa Mayo. Mayo describes Voices as being 'a piece about the different parts of our lives that criss-cross and sometimes require healing.' The performance is based on her personal experiences of being a part of a family that belonged to two different Native nations and her attempts to make herself whole. With Voices, Mayo conveys the need for Indian Country to mend the cracks caused by familial fracturesand often the cause of conflict within families, communities and between nations. The performance eventually became Daughters from the Stars, featuring Spiderwoman Theater. Lisa Mayo, (Kuna/Rappahannock) was born and raised in Brooklyn, New York. Mayo is co-founder of Spiderwoman Theater, which is the longest running Native women's theater troupe in the country. She studied at the New York School of Music, is a classically trained mezzo-soprano and studied under Uta Hagen. The American Indian Community House (AICH) is an urban Indian center that services the needs of the Native people living in New York City and welcomes Native visitors to the city. AICH was founded in 1969 and has become a de facto neighborhood serving as a meeting place for the diverse Native community of the New York City area. The Community House offers a variety of services ranging from substance abuse and HIV counseling, to career assistance. It is also home to the only Indian owned and operated art gallery in New York City. The AICHs Performing Arts Department has become an important resource for Native visual and performance artists. Through its programming, performance has become an important educational vehicle, both for the Native and non-Native NY community. The Badger's Corner, initiated in the 1980s, is an education-via-entertainment vehicle for the AICHs visual and performing arts department programs. Taking its name from the Pueblo legend of the four-legged creature who led the Pueblo people out of the underworld after the great flood, the intent of its programming is to inform and challenge people to rethink their concept(s) of Native American people and customs. All performances at AICH are presented under the auspices of the Badgers Corner. Indian Summer is an annual event at AICH and an occasion for artists to present their latest works to the community and the general public. All performers, whether new to the field or veteran practitioners, are encouraged to present their work.
=540  \\$aThere are copyright restrictions on this collection. For more information, go to the online version of this video.
=650  \0$aIdentity (Psychology)$xPolitical aspects.
=650  \0$aIdentity (Psychology)
=650  \0$aFamilies.
=650  \0$aIndian theater.
=650  \0$aIndian women.
=650  \0$aWomen performance artists.
=653  \\$aIdentity politics
=655  \7$aPerformance.$2nyu-hidvl
=655  \7$aTheater.$2nyu-hidvl
=655  \7$aOne-woman show.$2nyu-hidvl
=655  \7$aAmerican Indian theater.$2nyu-hidvl
=655  \7$aNative American performance.$2nyu-hidvl
=655  \7$aPolitical performance.$2nyu-hidvl
=700  1\$aMayo, Lisa.$4cre$4prf
=710  2\$aSpiderwoman Theatre.
=710  2\$aAmerican Indian Community House (New York, N.Y.)$4pro
=710  2\$aHemispheric Institute Digital Video Library.
=830  \0$aAmerican Indian Community House collection.
=856  40$uhttp://hdl.handle.net/2333.1/5dv41p0f

