=LDR  04508cgm  22006615a 4500
=001  000512641
=003  NNU
=004  NYUb13501139
=005  20080320141132.0
=006  m\\\\\\\\z\\\\\\\\
=007  vd\cvaizu
=007  vf\ciahou
=007  cr\cna
=007  cr\|||||||||||
=008  070531s199406uunyu047\\\\\\\\\\\\vleng\d
=024  7\$aHI2007_003_01$2nyu-hidvl
=024  7\$aHI2007.003_01$2nyu-hidvl
=040  \\$aNNU$cNNU$eamim
=043  \\$an-us-ny
=245  00$aNY$h[videorecording] :$bground under.
=246  30$aGround under
=246  3\$aNew York :$bground under
=260  \\$c1994 June.
=300  \\$a1 videocassette of 1 (Digital Betacam) (47 min.) :$bsd., col. ;$c1/2 in.$3master.
=300  \\$a1 videodisc of 1 (DVD) (47 min.) :$bsd., col. ;$c4 3/4 in.$3viewing copy.
=490  1\$aCircus Amok collection
=530  \\$aAlso available online as streaming video.
=500  \\$aTitle supplied by Hemispheric Institute.
=500  \\$aPart of the Hemispheric Institute Digital Video Library.
=534  \\$pMedia source original:$e1 videocassette of 1 (Mini DV) : sd., col. ; 1/4 in. SP.$mPanasonic DVM60.
=518  \\$aPerformed in New York City in June 1994.
=508  \\$aCircus Amok, producer ; Jennifer Miller, producer, director.
=511  1\$aCircus Amok, Jennifer Miller.
=520  \\$aVideo documentation of Circus Amok's show, 'NY: Ground Under,' performed in 1994 in diverse New York City parks, squares and other public spaces. The piece revolves around political, social and economic issues at play in NYC, posing a critique of the disconnect between the needs of the diverse, multitudinous population of NY vis-à-vis oppressive governmental policies impacting the city. The skits highlight the ethnic diversity of its population, while alluding to controversial budget cuts and public transportation campaigns, ineffective bureaucracy, oppressive policies regarding minorities, the pervasive presence of police forces in the public sphere, and issues of public health and environmental concerns related to waste management policies. Exposing controversial policies while educating and entertaining the audience, this piece is a call for civic action framed in a joyful extravaganza of acrobatic artistry, satiric skill, and good old-fashioned circus fun. Circus Amok (www.circusamok.org) is a New York City based circus-theater company whose mission is to provide free public art addressing contemporary issues of social justice to the people of New York City. Directed and founded by Jennifer Miller, the group has been together since 1989 bringing its funny, queer, caustic and sexy, political one-ring spectacles to diverse neighborhoods throughout the city. Over the years the traditional circus skills - tight rope walking, juggling, acrobatics, stilt walking, clowning - have been combined with experimental dance, lifesize puppetry, music old and new, and gender-bending performance art and improvisational techniques, creating new meanings for circus while continuing to entertain the crowds of all ages throughout the city streets, gardens, parks, and playgrounds, inviting the audience to join them in envisioning a more empowered life of community interaction while enjoying a queer celebratory spectacle.
=540  \\$aThere are copyright restrictions on this collection. For more information, go to the online version of this video.
=650  \0$aCircus$zNew York (State)$zNew York.
=650  \0$aStreet theater$zNew York (State)$zNew York.
=650  \0$aGay theater$zNew York (State)$zNew York.
=650  \0$aSocial justice$zNew York (State)$zNew York.
=651  \0$aNew York (N.Y.)$xHistory$y20th century.
=651  \0$aNew York (N.Y.)$xPolitics and government$y20th century.
=653  \\$aPolitical performance
=653  \\$aNew York City history and culture
=655  \7$aPerformance.$2nyu-hidvl
=655  \7$aCircus.$2nyu-hidvl
=655  \7$aStreet theater.$2nyu-hidvl
=655  \7$aPolitical performance.$2nyu-hidvl
=655  \7$aQueer performance.$2nyu-hidvl
=700  1\$aMiller, Jennifer,$d1961-$4pro$4drt$4prf
=710  2\$aCircus Amok.$4pro$4prf
=710  2\$aHemispheric Institute Digital Video Library.
=830  \0$aCircus Amok collection.
=856  40$uhttp://hdl.handle.net/2333.1/mpg4f508

