=LDR  03837ngm  2200457   4500
=001  004094018
=005  20150202225552.0
=006  m\\\\\\\\c\\\\\\\\
=007  cr\cna|||m|||a
=007  cr\|||||||||||
=008  150118s1994\\\\cau077\\\\\\\\s\\\vleng\d
=024  7\$aHI2014_004_01$2nyu-hidvl
=040  \\$aNNU$beng$cNNU
=041  0\$aeng
=245  00$aNaked breath$h[videorecording] /$cTim Miller, creator.
=260  \\$c1994.
=300  \\$3viewing copy.$astreaming video (76 min., 28 sec.) :$bsd., col.
=490  1\$aTim Miller Collection
=500  \\$aTitle supplied by the Hemispheric Institute.
=500  \\$aPart of the Hemispheric Institute Digital Video Library.
=511  1\$aTim Miller, performer.
=518  \\$aPerformed at the Highways Performance Space, Santa Monica, CA, in 1994.
=520  \\$aTim Miller is an internationally acclaimed performance artist. Miller's creative work as a performer and writer explores the artistic, spiritual and political topography of his identity as a gay man. Miller's performances have been presented all over North America, Australia, and Europe in such prestigious venues as Yale Repertory Theatre, the Institute of Contemporary Art (London), the Walker Art Center (Minneapolis), and the Brooklyn Academy of Music. Miller’s most recent book 1001 BEDS, an anthology of his performances, essays and journals, was published by University of Wisconsin Press in 2006. Miller has taught performance at UCLA, NYU, the School of Theology at Claremont and at universities all over the US. He is a co-founder of two of the most influential performance spaces in the United States: Performance Space 122 on Manhattan's Lower East Side and Highways Performance Space in Santa Monica, CA. After a nine-year stint in New York City, in 1987 Miller returned home to Los Angeles, California where he was born and raised. He currently lives there with his partner Alistair in Venice Beach.
=520  \\$aThe sound and physicality of breath comes to the forefront when sexual climax, life, and death intertwine. Presenting vignettes of life, love, suffering, and humor, Tim Miller offers a compelling storytelling about his own life in NYC in the 80s, signaling breathing as life assurance in a moment when the AIDS epidemic and the work with ACT UP dwelled in-between survival and disappearance. This solo piece emerged from Miller's aesthetic ambition to mirror gay society's cultural conflicts while ‘trying to find an artistic, spiritual and political response to the AIDS crisis.’ ‘Do it like your life depends on it,’ Miller declares, breathing rhythmically and deeply, ‘which it does. In and out. Breathe. Breathe out the lie that we don't belong together. Breathe in the love. Run naked through the streets of L.A. Proclaim the end of sadness. Celebrate the miracle of us.’ Song and water make the body vulnerable and strong at the same time, in connection with all those that might be dead but not really gone.
=534  \\$pMedia source original:$e1 videocassette (VHS) : sd., col. ; 1/2 in. SP.$m3M T-90
=540  \\$aThere are copyright restrictions on this collection. For more information, go to the online version of this video.
=546  \\$aIn English.
=650  \0$aSexual minority community$xSocial aspects.
=650  \0$aIdentity politics.
=650  \0$aHomophobia.
=650  \0$aSex discrimination.
=650  \0$aSexual freedom.
=650  \0$aAIDS (Disease)
=650  \0$aPerformance art$xPolitical aspects$zUnited States.
=655  \7$aPerformance.$2nyu-hidvl
=655  \7$aSolo performance.$2nyu-hidvl
=700  1\$aMiller, Tim,$d1958-$4cre$4prf
=710  2\$aHemispheric Institute Digital Video Library.
=830  \0$aTim Miller collection.
=856  40$uhttp://hdl.handle.net/2333.1/tmpg4hhg

