=LDR  04465cgm a2200481 a 4500
=001  003807589
=005  20140421221945.0
=006  m\\\\\\\\c\\\\\\\\
=007  cr\cna|||m|||a
=007  cr\|||||||||||
=008  130822s1994\\\\mau092\\\\\\\\s\\\vleng\d
=024  7\$aHI2012_034_01$2nyu-hidvl
=040  \\$aNNU$beng$cNNU
=041  0\$aeng
=245  00$aSheila's day$h[videorecording] /$cDuma Ndlovu and Mbongeni Ngema, creator ; Roberta Uno, producer ; New WORLD Theater, producer.
=260  \\$c1994.
=300  \\$3viewing copy.$astreaming video (91 min., 5 sec.) :$bsd., col.
=490  1\$aNew WORLD Theater collection
=546  \\$aIn English.
=500  \\$aTitle supplied by Hemispheric Institute.
=500  \\$aPart of the Hemispheric Institute Digital Video Library.
=518  \\$aPerformed at the Rand Theater in Amherst, Massachusetts, in 1994.
=508  \\$aDuma Ndlovu, playwright ; Horace Clarence Boyer, musical director ; Miguel Romero, set designer ; Ulises Alcala , costume designer ; Matthew Richards, Will Pile, light, sound designers.
=511  1\$aRita Babihuga, Dadawele Koyana, Vuyiswa Vivi Majova, Thandokazi Mniki, Taura J. Musgrove, Toks Olagundoye, Nkenge Atiya Scott, Nickawanna Shaw, Natasha Springer, performers.
=520  \\$a‘Sheila’s Day,’ written by Duma Ndlovu, and directed by Roberta Uno, explores the troubled race relations between white employers and black domestic employees, and the many layers within structures of power – ‘Sheila’ is the name that the rich ladies use to call their household employees, because they claim that they cannot remember the women’s names. Every Thursday is ‘Sheila’s Day,’ when the domestic workers have a day off, and the women come to meet with each other. During these meetings, it is possible to learn these women’s desires and hopes, and their belief that ‘women have the power to change the world.’ They empower themselves through music and songs that function as oral history and political language, and their dance as a means of communication and political resistance, conveying a strong affirmation of being a ‘woman’ and ‘black,’ thus a ‘black woman.’ They find strength through each other in their collective struggle for freedom - song, dance, and prayer play an important part in their bonding with one another, and this closeness is performed through voices and bodies. This video documentation also features pre-performance exercises.
=520  \\$aFrom 1979-2009, the New WORLD Theater worked at the intersection of artistic practice, community engagement, scholarship, and activism toward a vision of a ‘new world’ - one that broke the confines of multiculturalism and was an artistic harbinger of America’s shifting demographics. From a geographic ‘outpost’ in New England, New WORLD Theater evolved from a community organizing project and the Northeast point on a theater touring compass, to a protective studio to hone new work, a site of international intersections from South Africa to the South Bronx, and the home of inspired and rigorous collaborations with Western Massachusetts youth. New performance work development at New WORLD defied the conventional theater play lab as ghetto for artists of color; artists were met where they wanted to be in the imagining of new approaches, methods, and production. One of New WORLD Theater’s artistic legacies is Project 2050, an early call to imagine the U.S. demographic shift, with people of the future - youth, in equal collaboration with artists and scholars.
=534  \\$pMedia source original:$e1 videocassette of 1 (VHS) : sd., col. ; 1/2 in. LP.$mRCA T-120H
=540  \\$aThere are copyright restrictions on this collection. For more information, go to the online version of this video.
=650  \0$aAfrican American women household employees$xSocial conditions.
=650  \0$aOccupations and race.
=650  \0$aSocial classes.
=650  \0$aEmployee empowerment.
=650  \0$aDiscrimination in employment.
=655  \7$aPerformance.$2nyu-hidvl
=655  \7$aTheater.$2nyu-hidvl
=700  1\$aNdlovu, Duma.$4cre$4aus
=700  1\$aNgema, Mbongeni.$4cre
=700  1\$aUno, Roberta,$d1956-$4pro
=710  2\$aNew WORLD Theater.$4pro
=710  2\$aHemispheric Institute Digital Video Library.
=830  \0$aNew WORLD Theater collection.
=856  40$uhttp://hdl.handle.net/2333.1/q83bk593

