=LDR  04579cgm a22006735a 4500
=001  000511298
=003  NNU
=004  NYUb13499671
=005  20090505115640.0
=006  m\\\\\\\\z\\\\\\\\
=007  vd\cvaizu
=007  vf\ciahou
=007  cr\cna
=007  cr\|||||||||||
=008  070523e199409uuwlk062\\\\\\\\\\\\vlspa\d
=024  7\$aHI2006_123_01$2nyu-hidvl
=024  7\$aHI2006.123_01$2nyu-hidvl
=040  \\$aNNU$cNNU$eamim
=041  0\$aspa
=043  \\$as-ck---
=245  00$aBocas de bolero$h[videorecording].
=260  \\$c1994 Sept.
=300  \\$3master.$a1 videocassette of 1 (Digital Betacam) (62 min.) :$bsd., col. ;$c1/2 in.
=300  \\$3viewing copy.$a1 videodisc of 1 (DVD) (62 min.) :$bsd., col. ;$c4 3/4 in.
=490  1\$aDramaturgia de género : Teatro La Máscara collection
=530  \\$aAlso available online as streaming video.
=546  \\$aIn Spanish.
=500  \\$aTitle supplied by Hemispheric Institute.
=500  \\$aPart of the Hemispheric Institute Digital Video Library.
=534  \\$pMedia source original:$e1 videocassette of 1 (VHS) : sd., col. ; 1/2 in. SP.$m3M E-90.
=518  \\$aPerformed as part of the Magdalena Project Festival in Cardiff, Wales, in Sept. 1994.
=508  \\$aTeatro La Máscara, producer, set and lighting design ; Wilson Pico, director ; Gustavo Vivas, music, sound design ; Magdalena Project, videographer ; Juan José Posada, graphic design ; Héctor Fabio Cobo, artistic consultant ; Lucy Bolaños , makeup and costumes ; María Elena Bolaños, costumes ; Vicente Aragón, Luz Marina Botero, tech team.
=511  1\$aLucy Bolaños (protagonist), Susana Uribe (protagonist), Ximena Escobar (protagonist), Valentina Vivas (protagonist).
=520  \\$a'Bocas de bolero' is a collective creation by Teatro La Máscara on the relationships women have with everyday activities in the domestic realm. The melodrama of marriage, the notion of waiting, domestic chores, religion, mother-daughter relationships, gender conventions, etc., are woven with the romantic and melancholy sounds and themes of bolero. Through a polysemic treatment of space, reiteration, movement and image that explores the dynamics of memory, personal present and collective past, the performance artfully confronts the taboos, conventions and struggles surrounding cultural notions of gender. Teatro La Máscara is the oldest - and one of the only - feminist, all-women's theater in Colombia. Founded in 1972 in Cali, La Máscara was a political theater initially comprised of male as well as female actors; by the early 1980s, when only the women stayed and wanted to continue the theatrical trajectory of the group, Lucy Bolaños decided to make La Máscara a women's ensemble fully dedicated to a feminine dramaturgy on gender issues. Committed to feminism and social change, they have stayed true to this mission, despite the many social and economic pressures they've had to endure in an environment plagued by violence and machismo, which constantly seeks to 'invisibilize' their work. Because of their fruitful stubbornness, La Máscara is not only creating and staging plays, but also working with marginalized communities, actively participating in political protests and demonstrations, and being involved in the organization of theater festivals. Through their work, they keep re-thinking women's role in the construction of a peaceful Colombia.
=540  \\$aThere are copyright restrictions on this collection. For more information, go to the online version of this video.
=610  20$aMagdalena Project.
=650  \0$aFeminist theater$zColombia.
=650  \0$aTheater$zColombia.
=650  \0$aBoleros (Music)
=650  \0$aWomen$xSocial life and customs.
=655  \7$aPerformance.$2nyu-hidvl
=655  \7$aTheater.$2nyu-hidvl
=655  \7$aFeminist theater.$2nyu-hidvl
=655  \7$aCollective creation.$2nyu-hidvl
=700  1\$aPico, Wilson.$4drt
=700  1\$aVivas, Gustavo.$4mus
=700  1\$aBolaños, Lucy.$4prf
=700  1\$aUribe, Susana.$4prf
=700  1\$aEscobar, Ximena.$4prf
=700  1\$aVivas, Valentina.$4prf
=710  2\$aTeatro La Máscara (Cali, Colombia)$4pro
=710  2\$aHemispheric Institute Digital Video Library.
=830  \0$aDramaturgia de género : Teatro La Máscara collection
=856  40$uhttp://hdl.handle.net/2333.1/12jm643w

