=LDR  06978cgm a2200805 a 4500
=001  001149874
=003  NNU
=004  NYUb12973090
=005  20140421141325.0
=006  m\\\\\\\\z\\\\\\\\
=007  vd|cvaizu
=007  vf|ciahou
=007  vd|cvaizu
=007  cr\|||||||||||
=008  041029e199407uumx\102\\\\\\\\\\\\vlspa\d
=024  7\$aHI2004_042_A_01$2nyu-hidvl
=024  7\$aHI2004_042_B_01$2nyu-hidvl
=024  7\$aHI2004.042_01_A$2nyu-hidvl
=040  \\$aNNU$cNNU$eamim
=041  0\$aspa
=043  \\$an-mx---
=245  03$aEl estudio de Eugenia León$h[videorecording]
=246  31$aEugenia León's office
=260  \\$c1994 July.
=300  \\$3viewing copy.$a2 videodiscs of 2 (DVD) (102 min.) :$bsd., col. ;$c4 3/4 in.
=300  \\$3master.$a2 videocassette of 2 (Digital Betacam) (102 min.) :$bsd., col. ;$c1/2 in.
=490  1\$aEl Hábito collection
=530  \\$aAlso available online as streaming video.
=546  \\$aIn Spanish.
=500  \\$aTitle supplied by Hemispheric Institute.
=500  \\$aPart of the Hemispheric Institute Digital Video Library.
=534  \\$pMedia source original:$e1 videocassette of 1 (VHS) : sd., col. ; 1/2 in.$mSony T-160.
=518  \\$aPerformed at Teatro Bar El Hábito, Mexico City, Mexico, in July 1994.
=508  \\$aJesusa Rodíguez, producer, director ; Liliana Felipe, producer ; Malú Huacuja, writer.
=511  0\$aTito Enríquez, Carlos García, José Montiel, Miguel Samperio, musicians.
=511  1\$aEugenia León, protagonist ; Jesusa Rodríguez, cast ; Alejandro Calva, cast.
=520  \\$aIn this Eugenia León cabaret concert, performed at Teatro Bar El Hábito, Alfred Hitchcock (played by Alejandro Calva) narrates a 'Private Eye' story, a duel of wits between a Mexican diva-cum-exceptional detective (León) and her archenemy, Jack 'El Declamador' (or 'Jack, the Declamator,' played by Jesusa Rodríguez). Singing well-know romantic songs ('Envidia,' 'Perfidia,' 'Frenesí,' 'La tirana,' 'Lo mismo que usted,' 'Piel Canela,' and 'Quizá, quizá, quizá,' among others), León must save 137 kidnapped children from Jack's affected declamation of Latin American Modernist poetry, while contesting the villain's request for support to his candidate to the upcoming Mexican presidential elections: Paco Stanley, a popular Mexican declamator. In order to save the day, León has to solve the mystery proposed by the villain: to figure out the identity of the alleged murderer of Marilyn Monroe (also played by Rodríguez)... 
=520  \\$ain 10 minutes! With the help of her boleros and the study of 'some documents,' the detective concludes that Hitchcock is Monroe's assassin, and proceeds to arrest him. Thankful for solving the mystery, Marilyn shares with Eugenia her secret technique for achieving her famous 'floating white dress effect'... After solving the enigma, León and Jack clash in a deadly duel of wits, until the 'Musa Inspiradora' (or 'Inspirational Muse', also played by Calva) gets in their way. Improvised insults, tricky moves, and phone calls from the Presidential House all contribute to León's victory and to Jack's escape. The Muse takes sides with the detective and promises to inspire her to sing 'like a goddess'... concluding a magnificent concert, that inspired an 'encore' request by Eugenia's eager audience. Mexican director, actress, playwright, performance artist, scenographer, entrepreneur, and social activist Jesusa Rodréguez has been called the most important woman of Mexico.   
=520  \\$aOften referred to as a chameleon, Rodríguez moves seemingly effortlessly and with vigor across the spectrum of cultural forms, styles, and tones. Her espectáculos (as both spectacles and shows) challenge traditional classification, crossing with ease generic boundaries: from elite to popular to mass, from Greek tragedy to cabaret, from pre-Columbian indigenous to opera, from revue, sketch and carpa, to performative acts within political projects. Humor, satire, linguistic play, and the body are constants in her productions. She seeks to render corporal and, thus, visible, the tensions between the discourses in operation on and through the individual and collective body. Rodriguezs energy is intense and her commitment non-negotiable, always interrogating the nature, site, and consequences of power and its representation. Liliana Felipe, one of Latin America's foremost singers and composers, was born in Argentina in the 1950s.   
=520  \\$aShe left for Mexico just before the outbreak of the 'Dirty War' (1976), but her sister and brother-in-law were both 'disappeared'--victims of the military dictatorship's criminal politics. Liliana's music has a wide following in Latin America. She continues to be a powerful presence in Argentina, working with human rights organizations--especially H.I.J.O.S. (the organization of the children of the disappeared). In Mexico, Liliana went to one of Jesusa Rodríguez's performances. Jesusa, catching a glimpse of Felipe in the audience, remembers saying to herself: I am going to die with that woman. Since then, Liliana and Jesusa have created two performance spaces, El Cuervo and later El Hábito in Coyoacán, Mexico City, that they still run. They 'married' in February 2000. El Hábito (www.elhabito.com.mx) is a hotbed for intellectuals, feminists, gay rights activists and open-minded, progressive people who want to be engaged by a smart and critical humor.   
=520  \\$aIn this off-off space, and with the collaboration of their theater cooperative Las Divas, Jesusa y Liliana have produced hundreds of shows since the 1980s.  
=540  \\$aThere are copyright restrictions on this collection. For more information, go to the online version of this video.
=651  \0$aMexico$xPolitics and government$y20th century.
=651  \0$aMexico$xSocial conditions$y20th century.
=655  \7$aPerformance.$2nyu-hidvl
=655  \7$aCabaret.$2nyu-hidvl
=655  \7$aConcert.$2nyu-hidvl
=655  \7$aPolitical performance.$2nyu-hidvl
=655  \7$aQueer performance.$2nyu-hidvl
=700  1\$aRodríguez, Jesusa.$4pro$4drt$4prf
=700  1\$aFelipe, Liliana.$4pro
=700  1\$aHuacuja, Malú,$d1961-$4aut
=700  1\$aLeón, Eugenia.$4prf
=700  1\$aCalva, Alejandro.$4prf
=700  1\$aEnriquez, Tito.$4mus
=700  1\$aGarcia, Carlos.$4mus
=700  1\$aMontiel, José.$4mus
=700  1\$aSamperio, Miguel.$4mus
=710  2\$aHemispheric Institute Digital Video Library.
=830  \0$aJesusa Rodríguez & Liliana Felipe : El Hábito collection.
=853  00$81$apt.
=863  50$81.1$aA$p31142042823776
=863  50$81.2$aB$p31142042823784
=856  40$uhttp://hdl.handle.net/2333.1/hqbzkh53
=954  \\$81$aVolumes

