=LDR  04779cgm  2200649 a 4500
=001  000549822
=003  NNU
=004  NYUb13541685
=005  20080415143731.0
=006  m\\\\\\\\z\\\\\\\\
=007  vd\cvaizu
=007  vf\ciahou
=007  cr\cna
=007  cr\|||||||||||
=008  071004e199412uuxx\056\\\\\\\\\\\\vleng\d
=024  7\$aHI2007_196_01$2nyu-hidvl
=024  7\$aHI2007.196_01$2nyu-hidvl
=035  \\$a(NYU)NYUb13541685
=040  \\$aNNU$cNNU$eamim
=041  0\$aeng$aspa
=245  00$aFábulas del Caribe$h[videorecording].
=260  \\$c1994 Dec.
=300  \\$a1 videocassette of 1 (Digital Betacam) (56 min.) :$bsd., col. ;$c1/2 in.$3master.
=300  \\$a1 videodisc of 1 (DVD) (56 min.) :$bsd., col. ;$c4 3/4 in.$3viewing copy.
=490  1\$aTeatro Pregones collection
=530  \\$aAlso available online as streaming video.
=546  \\$aIn English and Spanish.
=500  \\$aTitle supplied by Hemispheric Institute.
=500  \\$aPart of the Hemispheric Institute Digital Video Library.
=534  \\$pMedia source original:$e1 videocassette of 1 (VHS) : sd., col. ; 1/2 in. SP.
=518  \\$aPerformed at the Hostos Center for the Arts & Culture, New York City, in Dec. 1994.
=508  \\$aPregones Theater, producer, collective creation, costumes ; based on the works of Sebastián Robiou Lamarche ; Rosalba Rolón, Jorge B. Merced, Alvan Colón Lespier, adaptation ; Alvan Colón Lespier, director, lights ; Ricardo Pons, musical director ; Raul Romero, Ricardo Pons, music ; Regina Garía, set design.
=511  1\$aMariluz Acosta, Rafael Decena, Jorge B. Merced, Judith Rivera, César Rodríguez ; Waldo Antonio Chávez (musician), Ricardo Pons (musician), Raul Romero (musician), Alberto Toro (musician).
=520  \\$a'Fábulas del Caribe' is a modern day account of how the Caribbean islands were created and later populated. This musical theater production provides a voyage through ancient mythologies of the Taíno people. Set to original music, the show brings to the stage the magical deities who whimsically create water, earth, wind and fire. The stories/myths include Marou and Boinayel (the Sun and the Moon), Yaya and Yayael (personifications of the beginning of time), and Deminán Caracaracol (the mischief maker) and his three identical brothers, who accidentally tip a gourd and fill the ocean basins with water and fish. Founded in 1979 and based in The Bronx, New York City, Pregones Theater (http://www.pregones.org) has performed in more than 400 cities and 13 countries. The company enjoys citywide recognition for their lasting contributions to the performing arts field and are recipients of numerous distinctions including current Leading National Ensemble Theatre Designation from the Doris Duke Charitable Foundation and the Andrew W. Mellon Foundation, Primary Cultural Institution Designation from the New York State Council on the Arts, the New York State Governors Arts Award, the Culture & Humanities Award from the Center for Puerto Rican Studies, numerous artist and production awards, as well as invitations to appear at international festivals and events. Over the years Pregones has developed a style that combines theater, music and movement, oral and written traditions, and a signature urban sensibility. The ensemble draws from popular Puerto Rican artistic expressions and literature to create and stage its work. Today, Pregones has grown to be one of the leading Puerto Rican/Latino theater theaters in the United States. From migrations to indigenous mythologies to subway stories, the companys repertoire covers a growing sample of Latino experiences and identities.
=540  \\$aThere are copyright restrictions on this collection. For more information, go to the online version of this video.
=650  \0$aTheater$zPuerto Rico.
=650  \0$aTaino mythology.
=651  \0$aCaribbean Area.
=600  10$aRobiou Lamarche, Sebastián$vAdaptations.
=655  \7$aPerformance.$2nyu-hidvl
=655  \7$aTheater.$2nyu-hidvl
=655  \7$aLatino theater.$2nyu-hidvl
=655  \7$aPuerto Rican theater.$2nyu-hidvl
=655  \7$aMusical theater.$2nyu-hidvl
=655  \7$aBilingual theater.$2nyu-hidvl
=700  1\$aRolón, Rosalba.$4adp
=700  1\$aMerced, Jorge B.$4adp
=700  1\$aColón Lespier, Alvan.$4adp$4drt$4lgd
=700  1\$aPons, Ricardo.$4mus$4drt
=710  2\$aPregones Theatre (New York, N.Y.)$4pro$4cre$4cst
=710  2\$aHemispheric Institute Digital Video Library.
=830  \0$aTeatro Pregones collection.
=856  40$uhttp://hdl.handle.net/2333.1/t76hdrkq

