=LDR  04334cgm a2200613 a 4500
=001  000560041
=003  NNU
=004  NYUb13552837
=005  20140310105057.0
=006  m\\\\\\\\z\\\\\\\\
=007  vd\cvaizu
=007  vf\ciahou
=007  cr\cna
=007  cr\|||||||||||
=008  071113s1994\\\\pe\086\\\\\\\\\\\\vlspa\d
=024  7\$aHI2005_095_01$2nyu-hidvl
=024  7\$aHI2005.095_01$2nyu-hidvl
=035  \\$a(NYU)NYUb13552837
=040  \\$aNNU$cNNU$eamim
=043  \\$as-pe---
=245  00$aHasta cuando corazón$h[videorecording]
=246  31$aUntil when my love
=260  \\$c1994.
=300  \\$3master.$a1 videocassette of 1 (Digital Betacam) (86 min.) :$bsd., col. ;$c1/2 in.
=300  \\$3viewing copy.$a1 videodisc of 1 (DVD) (86 min.) :$bsd., col. ;$c4 3/4 in.
=490  1\$aYuyachkani collection
=530  \\$aAlso available online as streaming video.
=500  \\$aTitle supplied by Hemispheric Institute.
=500  \\$aPart of the Hemispheric Institute Digital Video Library.
=534  \\$pMedia source original:$e1 videocassette of 1 (Betacam SP) : sd., col. ; 1/2 in. SP.$mSony Betacam SP BCT-90MLA.
=546  \\$aIn Spanish.
=518  \\$aPerformed in Lima, Peru, in 1994.
=508  \\$aMiguel Rubio, director ; Grupo Cultural Yuyachkani, producer ; Radio Televisión Peruano, producer ; Felipe Herrera, audio ; Luis Pardes, audio.
=511  1\$aAugusto Casafranco, Amiel Cayo, Ana Correa, Débora Correa, Rebeca Ralli, Teresa Ralli, Julián Vargas.
=520  \\$aVideo documentation of Hasta Cuándo Corazón, theater piece by Peruvian Grupo Cultural Yuyachkani. In this play, a series of characters of diverse backgrounds live together in a project in the middle of the city, from which they are soon to be evicted. Even though they are neighbors facing a common fate, the characters await isolated from one another instead of forging a network of solidarity in the face of the eviction. Each life story is told and retold individually, recreated by physical actions in a reiterative play that evidences the profound and painful dissociation between word and action in these characters lives. Perus most important theatre collective, Grupo Cultural Yuyachkani (www.yuyachkani.org) has been working since 1971 at the forefront of theatrical experimentation, political performance, and collective creation. Yuyachkani is a Quechua word that means I am thinking, I am remembering; under this name, the theatre group has devoted itself to the collective exploration of embodied social memory, particularly in relation to questions of ethnicity, violence, and memory in Peru. The group is comprised of seven actors (Augusto Casafranca, Amiel Cayo, Ana Correa, Débora Correa, Rebeca Ralli, Teresa Ralli, and Julián Vargas), a technical designer (Fidel Melquíades), and an artistic director (Miguel Rubio), who have made a commitment to collective creation as a mode of theatrical production and to group theatre as a life style. Their work has been among the most important in Latin Americas so called New Popular Theatre, with a strong commitment to grass-roots community issues, mobilization, and advocacy. Yuyachkani won Perus National Human Rights Award in 2000. Known for its creative embrace of both indigenous performance forms as well as cosmopolitan theatrical forms, Yuyachkani offers insight into Peruvian and Latin American theatre, and to broader issues of postcolonial social aesthetics.
=540  \\$aThere are copyright restrictions on this collection. For more information, go to the online version of this video.
=650  \0$aEviction$zPeru.
=650  \0$aMigration, Internal$zPeru.
=650  \0$aSolidarity$zPeru.
=650  \0$aTheater$zPeru.
=655  \7$aPerformance.$2nyu-hidvl
=655  \7$aTheater.$2nyu-hidvl
=655  \7$aPolitical theater.$2nyu-hidvl
=655  \7$aPeruvian theater.$2nyu-hidvl
=700  1\$aRubio, Miguel.$4drt
=710  2\$aGrupo Cultural Yuyachkani.
=710  2\$aRadio Televisión Peruano.
=710  2\$aHemispheric Institute Digital Video Library.
=830  \0$aYuyachkani collection.
=856  40$uhttp://hdl.handle.net/2333.1/qbzkh1ms

