=LDR  05696cgm a2200757 a 4500
=001  000030903
=003  NNU
=004  NYUb13612155
=005  20140421145840.0
=006  m\\\\\\\\z\\\\\\\\
=007  vd\cvaizu
=007  vf\ciahou
=007  cr\cna
=007  cr\|||||||||||
=007  vd\cvaizu
=008  080508s1994\\\\nyu120\\\\\\\\\\\\vleng\d
=024  7\$aHI2007_259_A_01$2nyu-hidvl
=024  7\$aHI2007_259_B_01$2nyu-hidvl
=024  7\$aHI2007.259_01_A$2nyu-hidvl
=024  7\$aHI2007.259_01_B$2nyu-hidvl
=035  \\$a(NYU)NYUb13612155
=040  \\$aNNU$cNNU$eamim
=041  0\$aeng$ager
=079  \\$a(OCoLC)878606304
=245  00$aFaust/gastronome$h[videorecording].
=246  30$aGastronome
=260  \\$c1994.
=300  \\$3viewing copy.$a2 videodiscs of 2 (DVD) (120 min.: pt.A, 60 min. ; pt.B, 60 min.) :$bsd., col. ;$c4 3/4 in.
=300  \\$3master.$a2 videocassettes of 2 (Digital Betacam) (120 min.) :$bsd., col. ;$c1/2 in.
=490  1\$aRichard Schechner's Productions collection
=530  \\$aAlso available online as streaming video.
=546  \\$aIn English and German.
=500  \\$aTitle supplied by Hemispheric Institute.
=500  \\$aPart of the Hemispheric Institute Digital Video Library.
=534  \\$pMedia source original:$e1 videocassettes of 1 (VHS) : sd., col. ; 1/2 in. SP.$mBASF T-160.
=518  \\$aPerformed at Riverside Church, New York City, in 1994.
=508  \\$aRichard Schechner, producer, director, writer, adaptation ; East Coast Artists, producer ; Sheldon Deckelbaum, assistant director ; inspired by medieval 'Faustbuch', Christopher Marlowes 'Dr. Faustus', Johann Wolfgang von Goethes 'Faust', and Charles Gounods opera 'Faust' ; Ralph Denzer, composer ; Annee Vitiello, stage manager ; Chris Muller, environment ; Russel Champa, lighting ; Constance Hoffman, costumes.
=511  1\$aJeff Rickets (Faust), Rebecca Ortese (Mephistopheles), Shaula Chambliss (Gretchen), Ulla Neuerburg (Hitler), David Letwin (Albert Speer), Dan Berkey (Maria), Vernice Miller (Talkshow Host), Drew Barr, Frank Wood ; Ralph Denzer (musician), Michelle Kinney (musician).
=520  \\$aRichard Schechner's East Coast Artists bring this foundational Western myth forward to the end of the 20th century with Faust as a cook-alchemist. Food preparation and consumption is the ruling metaphor for the destructive appetites of Western expansion culminating in both the Nazi crime of genocide and the post-industrial excesses of globalization and genetic manipulation. Schechner and his colleagues rework the story. Mephistopheles played by a woman dressed as a man but not disguising her 'actual' gender is assisted by Hitler, also played by a woman. Part One of 'Faust/gastronome' draws heavily on Goethe, tracing Faust's seduction of Gretchen (aided by Mephistopheles) and his abandoning her to her death. A considerable portion of the dialogue is Goethe's, performed in German. Part Two Schechner describes as a 'tragedy of development.' Here Faust heads the 'Fist Group' of corporations involved in genetic engineering and global exploitation. 
=520  \\$aJust before his death and damnation, Faust meets Gretchen who has come to seek him out and help bring him to hell. At one point, Hitler's architect, Albert Speer, appears on a talk show justifying World War II and the Holocaust. Later, Faust and a neo-Nazi teenage appear on the same show. The set features three sturdy wooden tables used in many configurations to contain the action. On a platform upstage, composer Ralph Denzer leads a small jazz ensemble. Richard Schechner is a theater director, performance theorist and university professor known for being one of the founders of the academic discipline of Performance Studies at Tisch School of the Arts, New York University. Schechner combines his work in anthropology with innovative approaches to performance of all kinds including ritual, drama, environmental theater, political rallies, dance, music, etc.   
=520  \\$ain order to consider how performance can be understood not just as an object of study, but also as an active intellectual-artistic practice. He is the editor of 'TDR: The Journal of Performance Studies.' His books include 'Environmental Theater,' 'The Future of Ritual,' 'Performance Theory,' 'Between Theater and Anthropology' and 'Performance Studies: An Introduction.' As of 2007, his books have been translated into 14 languages.  
=540  \\$aThere are copyright restrictions on this collection. For more information, go to the online version of this video.
=600  10$aFaust,$dd. ca. 1540$vLegends.
=600  10$aMarlowe, Christopher,$d1564-1593.$tDoctor Faustus$vAdaptations.
=600  10$aGoethe, Johann Wolfgang von,$d1749-1832.$tFaust$vAdaptations.
=600  10$aGounod, Charles,$d1818-1893.$tFaust$vAdaptations.
=630  00$aHistoria von Doctor Johann Fausten.
=650  \0$aBalance of power.
=653  \\$aPower politics
=655  \7$aPerformance.$2nyu-hidvl
=655  \7$aTheater.$2nyu-hidvl
=655  \7$aExperimental theater.$2nyu-hidvl
=700  1\$aSchechner, Richard,$d1934-$4pro$4drt$4aut$4adp
=700  1\$aDeckelbaum, Sheldon.$4drt
=700  1\$aDenzer, Ralph.$4cmp$4mus
=710  2\$aEast Coast Artists.$4pro
=710  2\$aHemispheric Institute Digital Video Library.
=830  \0$aRichard Schechner's Productions collection
=856  40$uhttp://hdl.handle.net/2333.1/76hdr81j
=853  00$81$apt.
=863  50$81.1$aA$p31142047316354
=863  50$81.2$aB$p31142047316362

