=LDR  04228cgm a22006375a 4500
=001  000515633
=003  NNU
=004  NYUb13504573
=005  20071210173430.0
=006  m\\\\\\\\z\\\\\\\\
=007  vd\cvaizu
=007  vf\ciahou
=007  cr\cna
=007  cr\|||||||||||
=008  070612e19941022nmu054\\\\\\\\\\\\vleng\d
=024  7\$aHI2007_045_01$2nyu-hidvl
=024  7\$aHI2007.045_01$2nyu-hidvl
=035  \\$a(NYU)NYUb13504573
=040  \\$aNNU$cNNU$eamim
=245  00$aYou're just like my father$h[videorecording].
=246  3\$aYou are just like my father
=260  \\$c1994 Oct. 22.
=300  \\$3master.$a1 videocassette of 1 (Digital Betacam) (54 min.) :$bsd., col. ;$c1/2 in.
=300  \\$3viewing copy.$a1 videodisc of 1 (DVD) (54 min.) :$bsd., col. ;$c4 3/4 in.
=490  1\$aSplit Britches video collection
=530  \\$aAlso available online as streaming video.
=500  \\$aTitle supplied by Hemispheric Institute.
=500  \\$aPart of the Hemispheric Institute Digital Video Library.
=534  \\$pMedia source original:$e1 videocassette of 1 (Mini DV) : sd., col. ; 1/4 in. SP.$mMaxell T-120X.
=518  \\$aPerformed at The Rep, Santa Fe, New Mexico, on Oct. 22, 1994.
=508  \\$aSplit Britches, producer ; Peggy Shaw, writer, director ; Stacy Makishi, Karena Rahall, assistants.
=511  1\$aPeggy Shaw.
=520  \\$aSince 1981, the Split Britches Company (founded by Lois Weaver, Peggy Shaw, and Deb Margolin, www.splitbritches.com) has written and performed in trio, duet, and solo, as well as collaborated and performed with other artists. They describe their work in this way: 'Our work is rooted in popular culture, but positioned against it. It relies on moments rather than plot, relationships rather than story. It depends on the surprise of transformation rather than the logic of psychological narrative. It straddles the line between performance and theater, exploiting theatricality while exposing the pretense. It is about a community of outsiders, queers, eccentrics. It is feminist because it encourages the imaginative potential in everyone and lesbian because it takes the presence of lesbian on stage as a given.' Their vaudevillian satirical gender-bending performances have received numerous awards, including a Jane Chamber award and four Village Voice OBIE awards. Their collection of scripts, 'Split Britches Feminist Performance/Lesbian Practice', edited by Sue Ellen Case, won the 1997 Lambda Literary Award for Drama. This video documents Peggy Shaw's one-woman show 'You're Just Like My Father.' In this performance Shaw pieces together the challenges of growing up butch in the 1950's with a combination of both toughness and vulnerability. Using male role models such as an Army officer and Elvis, Shaw explores the controversial relationship between a butch and her mother, offering both affirmation and criticism. If on the surface 'You're Just Like My Father' seems to be a wry exercise in pseudo-macho braggadoccio, it has its poignant undercurrents. Shaw's performance isn't so much a satire of male chauvinism as a pure celebration of her masculine self.
=540  \\$aThere are copyright restrictions on this collection. For more information, go to the online version of this video.
=650  \0$aLesbian theater.
=650  \0$aFeminist theater.
=650  \0$aLesbian feminism.
=650  \0$aMasculinity.
=655  \7$aPerformance.$2nyu-hidvl
=655  \7$aTheater.$2nyu-hidvl
=655  \7$aLesbian theater.$2nyu-hidvl
=655  \7$aFeminist theater.$2nyu-hidvl
=655  \7$aOne-woman show.$2nyu-hidvl
=655  \7$aPerformances (entertainment events).$2aat
=655  \7$aPerformance art.$2aat
=655  \7$aTheater (discipline).$2aat
=655  \0$aOne-person shows (Performing arts)
=700  1\$aShaw, Peggy.$4aut$4drt
=710  2\$aSplit Britches (Theatre company)$4pro
=710  2\$aHemispheric Institute Digital Video Library.
=830  \0$aSplit Britches video collection.
=856  40$uhttp://hdl.handle.net/2333.1/69p8czh9

