=LDR  05160cgm  2200673 a 4500
=001  000560561
=003  NNU
=004  NYUb13553377
=005  20080408163340.0
=006  m\\\\\\\\z\\\\\\\\
=007  vd\cvaizu
=007  vf\ciahou
=007  cr\cna
=007  cr\|||||||||||
=008  071114e19940722nyu025\\\\\\\\\\\\vleng\d
=024  7\$aHI2005_012_01$2nyu-hidvl
=024  7\$aHI2005.012_01$2nyu-hidvl
=035  \\$a(NYU)NYUb13553377
=040  \\$aNNU$cNNU$eamim
=245  00$aIsvael :$bNative American fetishes (fashion show)$h[videorecording].
=246  3\$aIsvael :$bNative American fetish wear
=246  30$aNative American fetishes
=246  30$aNative American fetish wear
=246  1\$iTitle on DVD container label:$aIsavel [sic] :$bNative American fetishes
=260  \\$c1994 July 22.
=300  \\$a1 videocassette of 1 (Digital Betacam) (25 min.) :$bsd., col. ;$c1/2 in.$3master.
=300  \\$a1 videodisc of 1 (DVD) (25 min.) :$bsd., col. ;$c4 3/4 in.$3viewing copy.
=490  1\$aAmerican Indian Community House collection
=530  \\$aAlso available online as streaming video.
=500  \\$aTitle supplied by Hemispheric Institute.
=500  \\$aPart of the Hemispheric Institute Digital Video Library.
=534  \\$pMedia source original:$e1 videocassette of 1 (VHS) : sd., col. ; 1/2 in. SP.
=518  \\$aPerformed at The American Indian Community House, New York City, on July 22, 1994.
=508  \\$aAmerican Indian Community House, producer ; Chan (a.k.a. Tony Spotten), creator, director, choreographer, designer ; LLoyd Oxendine, introducer.
=511  0\$aWayquay, Gordon Ison, Justine Smith, Nikole Stetz, John Plock, models ; Chan (a.k.a. Tony Spotten), dancer.
=520  \\$aIsvael: Native American Fetishes was written, directed, and performed by Chan, a.k.a. Anthony Spotten. Chan evokes the power ascribed to animal fetishes through his dance and fashion designs. His performance was conceived in conjunction with an American Indian Community House Gallery exhibition, curated by Lloyd Oxendine, which focused on Native American fetishes and their importance in the lives of Native people. A fetish is an animal usually carved out of stone or shell that is said to house the spirit or supernatural qualities of the animal. Animal fetishes are used by different American Indian tribes in prayer and ceremonies, and as talisman and amulets for successful hunting and fishing, procreation, agriculture, health, protection of the young and long life. The American Indian Community House (AICH) is an urban Indian center that services the needs of the Native people living in New York City and welcomes Native visitors to the city. AICH was founded in 1969 and has become a de facto neighborhood serving as a meeting place for the diverse Native community of the New York City area. The Community House offers a variety of services ranging from substance abuse and HIV counseling, to career assistance. It is also home to the only Indian owned and operated art gallery in New York City. The AICHs Performing Arts Department has become an important resource for Native visual and performance artists. Through its programming, performance has become an important educational vehicle, both for the Native and non-Native NY community. The Badger's Corner, initiated in the 1980s, is an education-via-entertainment vehicle for the AICHs visual and performing arts department programs. Taking its name from the Pueblo legend of the four-legged creature who led the Pueblo people out of the underworld after the great flood, the intent of its programming is to inform and challenge people to rethink their concept(s) of Native American people and customs. All performances at AICH are presented under the auspices of the Badgers Corner. Indian Summer is an annual event at AICH and an occasion for artists to present their latest works to the community and the general public. All performers, whether new to the field or veteran practitioners, are encouraged to present their work.
=540  \\$aThere are copyright restrictions on this collection. For more information, go to the online version of this video.
=650  \0$aFashion.
=650  \0$aFetishes (Ceremonial objects)
=650  \0$aFetishism.
=650  \0$aAnimism.
=650  \0$aIndians$xSocial life and customs.
=650  \0$aIndians$xRites and ceremonies.
=653  \\$aNative American fashion
=653  \\$aNative American fetishes
=655  \7$aPerformance.$2nyu-hidvl
=655  \7$aFashion show.$2nyu-hidvl
=655  \7$aPerformance art.$2nyu-hidvl
=655  \7$aAmerican Indian performance.$2nyu-hidvl
=655  \7$aNative American fashion wear.$2nyu-hidvl
=700  1\$aSpotten, Anthony.$4cre$4drt$4dsr
=710  2\$aAmerican Indian Community House (New York, N.Y.)$4pro
=710  2\$aHemispheric Institute Digital Video Library.
=830  \0$aAmerican Indian Community House collection.
=856  40$uhttp://hdl.handle.net/2333.1/xwdbrvd6

