=LDR  04714cgm a22007215a 4500
=001  000511193
=003  NNU
=004  NYUb13499560
=005  20080306143250.0
=006  m\\\\\\\\z\\\\\\\\
=007  vd\cvaizu
=007  vf\ciahou
=007  cr\cna
=007  cr\|||||||||||
=008  070523e19950328ck\039\\\\\\\\\\\\vlspa\d
=024  7\$aHI2006_119_01$2nyu-hidvl
=024  7\$aHI2006.119_01$2nyu-hidvl
=040  \\$aNNU$cNNU$eamim
=041  0\$aspa
=043  \\$as-ck---
=245  00$aLuna menguante$h[videorecording].
=260  \\$c1995 Mar. 28.
=300  \\$3master.$a1 videocassette of 1 (Digital Betacam) (39 min.) :$bsd., col. ;$c1/2 in.
=300  \\$3viewing copy.$a1 videodisc of 1 (DVD) (39 min.) :$bsd., col. ;$c4 3/4 in.
=490  1\$aDramaturgia de género : Teatro La Máscara collection
=530  \\$aAlso available online as streaming video.
=546  \\$aIn Spanish.
=500  \\$aTitle supplied by Hemispheric Institute.
=500  \\$aPart of the Hemispheric Institute Digital Video Library.
=534  \\$pMedia source original:$e1 videocassette of 1 (VHS) : sd., col. ; 1/2 in. SP.$mSony T-120.
=518  \\$aPerformed in Cali, Colombia, on Mar. 28, 1995.
=508  \\$aTeatro La Máscara, producer, props, lighting design ; Teatro La Candelaria, producer ; Patricia Ariza, writer, director ; Santiago García, Wilson Pico, special coaching ; Pedro Alcántara, Héctor Fabio Cobo, artistic coaching, costume and set design ; Clara Restrepo, videographer ; Gustavo Vivas, music and sound design ; Jorge Zamudio, set technician ; Mónika Herrán, Pakiko Ordóñez, photographers.
=511  1\$aLucy Bolaños (protagonist), Ximena Escobar (protagonist), Valentina Vivas (protagonist), Susana Uribe (protagonist).
=520  \\$a'Luna menguante' poses a theatrical immersion into women's 'intimate and secret' universe. Meshing religious and popular myths, rites, and beliefs, along with music and circus skills, four women of different generations (grandmother, mother, and two daughters) weave a complex fabric of taboos and desires around natural and biological processes - menstruation, deflowering, menopause, senile dementia. Bound by repression and inhibitions, the characters inhabit real and mental spaces in a sordid world dictated by habits and traditions. Teatro La Máscara is the oldest - and one of the only - feminist, all-women's theater in Colombia. Founded in 1972 in Cali, La Máscara was a political theater initially comprised of male as well as female actors; by the early 1980s, when only the women stayed and wanted to continue the theatrical trajectory of the group, Lucy Bolaños decided to make La Máscara a women's ensemble fully dedicated to a feminine dramaturgy on gender issues. Committed to feminism and social change, they have stayed true to this mission, despite the many social and economic pressures they've had to endure in an environment plagued by violence and machismo, which constantly seeks to 'invisibilize' their work. Because of their fruitful stubbornness, La Máscara is not only creating and staging plays, but also working with marginalized communities, actively participating in political protests and demonstrations, and being involved in the organization of theater festivals. Through their work, they keep re-thinking women's role in the construction of a peaceful Colombia.
=540  \\$aThere are copyright restrictions on this collection. For more information, go to the online version of this video.
=650  \0$aFeminist theater$zColombia.
=650  \0$aTheater$zColombia.
=650  \0$aSex$xSocial aspects.
=650  \0$aWomen$xSocial life and customs.
=650  \0$aWomen$xHealth and hygiene.
=653  \\$aSexuality and culture
=653  \\$aWomen's issues
=653  \\$aWomen's sexuality
=655  \7$aPerformance.$2nyu-hidvl
=655  \7$aTheater.$2nyu-hidvl
=655  \7$aFeminist theater.$2nyu-hidvl
=700  1\$aAriza, Patricia.$4aut$4drt
=700  1\$aGarcía, Santiago$especial coaching.
=700  1\$aPico, Wilson$especial coaching.
=700  1\$aBolaños, Lucy.$4prf
=700  1\$aEscobar, Ximena.$4prf
=700  1\$aVivas, Valentina.$4prf
=700  1\$aUribe, Susana.$4prf
=710  2\$aTeatro La Máscara (Cali, Colombia)$4pro
=710  2\$aGrupo La Candelaria.$4pro
=710  2\$aHemispheric Institute Digital Video Library.
=830  \0$aDramaturgia de género : Teatro La Máscara collection
=856  40$uhttp://hdl.handle.net/2333.1/j0zpc8g4

