=LDR  05273cgm a2200733 a 4500
=001  000549824
=003  NNU
=004  NYUb13541687
=005  20080415155932.0
=006  m\\\\\\\\z\\\\\\\\
=007  vd\cvaizu
=007  vf\ciahou
=007  cr\cna
=007  cr\|||||||||||
=008  071004e199512uuxx\061\\\\\\\\\\\\vleng\d
=024  7\$aHI2007_197_01$2nyu-hidvl
=024  7\$aHI2007.197_01$2nyu-hidvl
=035  \\$a(NYU)NYUb13541687
=040  \\$aNNU$cNNU$eamim
=041  0\$aeng$aspa
=043  \\$anwpr---
=245  00$aBaile cangrejero$h[videorecording].
=260  \\$c1995.
=300  \\$3master.$a1 videocassette of 1 (Digital Betacam) (61 min.) :$bsd., col. ;$c1/2 in.
=300  \\$3viewing copy.$a1 videodisc of 1 (DVD) (61 min.) :$bsd., col. ;$c4 3/4 in.
=490  1\$aTeatro Pregones collection
=530  \\$aAlso available online as streaming video.
=546  \\$aIn English and Spanish.
=500  \\$aTitle supplied by Hemispheric Institute.
=500  \\$aPart of the Hemispheric Institute Digital Video Library.
=534  \\$pMedia source original:$e1 videocassette of 1 (VHS) : sd., col. ; 1/2 in. SP.$mMaxell T-60.
=518  \\$aPerformed at the Pregones Theater, The Bronx, New York, in Dec. 1995.
=508  \\$aPregones Theater, producer, collective creation, sets, lighting, costumes ; Julia De Burgos, Manuel del Cabral, Alvan Colón Lespier, Nicolás Guillén, Luis Palés Matos, Rosalba Rolón, Nicomedes Santa Cruz, Fortunato Vizcarrondo, texts and poems ; Jorge B. Merced, adaptation for the stage, director, choreography ; Ricardo Pons, music ; Alvan Colón Lespier, director.
=511  1\$aJorge B. Merced, Judith Rivera ; Desmar Guevara (musician), Ricardo Pons (musician), Waldo Chavez (musician), Alberto Toro (musician), Los Pleneros de la 21, with Tito Cepeda, Juan Gutiérrez, José Rivera and Nelly Tanco (special guest musicians).
=520  \\$a'Baile Cangrejero' is a musical/theater spectacle in celebration of Afro-Latino poetry, music and dance. The writers featured in the production are internationally recognized as some of the major poets of Afro-Latino literature. Through their work they have given eloquent artistic voices to the experiences, struggles, joys and pride of people of African descent in the Americas. The production centers around a fictitious poet named Nicolás, portrayed by award winning actor Jorge B. Merced, who takes the audience on a journey in search of his true surname; that of a Mestizo. To the popular rhythms of bomba and plena, Merced is accompanied by Judith Rivera on vocals and narration and guest stars Los Pleneros de la 21. Founded in 1979 and based in The Bronx, New York City, Pregones Theater (http://www.pregones.org) has performed in more than 400 cities and 13 countries. The company enjoys citywide recognition for their lasting contributions to the performing arts field and are recipients of numerous distinctions including current Leading National Ensemble Theatre Designation from the Doris Duke Charitable Foundation and the Andrew W. Mellon Foundation, Primary Cultural Institution Designation from the New York State Council on the Arts, the New York State Governor's Arts Award, the Culture & Humanities Award from the Center for Puerto Rican Studies, numerous artist and production awards, as well as invitations to appear at international festivals and events. Over the years Pregones has developed a style that combines theater, music and movement, oral and written traditions, and a signature urban sensibility. The ensemble draws from popular Puerto Rican artistic expressions and literature to create and stage its work. Today, Pregones has grown to be one of the leading Puerto Rican/Latino theater theaters in the United States. From migrations to indigenous mythologies to subway stories, the company's repertoire covers a growing sample of Latino experiences and identities.
=540  \\$aThere are copyright restrictions on this collection. For more information, go to the online version of this video.
=650  \0$aTheater$zPuerto Rico.
=650  \0$aMestizos.
=650  \0$aMestizaje.
=653  \\$aAfro-Latino
=655  \7$aPerformance.$2nyu-hidvl
=655  \7$aTheater.$2nyu-hidvl
=655  \7$aLatino theater.$2nyu-hidvl
=655  \7$aPuerto Rican theater.$2nyu-hidvl
=655  \7$aMusical theater.$2nyu-hidvl
=655  \7$aBilingual theater.$2nyu-hidvl
=700  1\$aBurgos, Julia de,$d1914-$4aut
=700  1\$aCabral, Manuel del,$d1907-$4aut
=700  1\$aColón Lespier, Alvan.$4aut$4drt
=700  1\$aGuillén, Nicolás,$d1902-1989.$4aut
=700  1\$aPalés Matos, Luis.$4aut
=700  1\$aRolón, Rosalba.$4aut
=700  1\$aSanta Cruz, Nicomedes,$d1925-$4aut
=700  1\$aVizcarrondo, Fortunato.$4aut
=700  1\$aMerced, Jorge B.$4adp$4drt$4chr
=700  1\$aPons, Ricardo.$4mus
=710  2\$aPregones Theatre (New York, N.Y.)$4pro$4cre$4lgd$4std$4cst
=710  2\$aHemispheric Institute Digital Video Library.
=830  \0$aTeatro Pregones collection.
=856  40$uhttp://hdl.handle.net/2333.1/pk0p2nsf

