=LDR  05236cgm a2200697 a 4500
=001  000539578
=003  NNU
=004  NYUb13530688
=005  20090409123046.0
=006  m\\\\\\\\z\\\\\\\\
=007  vd\cvaizu
=007  vf\ciahou
=007  cr\cna
=007  cr\|||||||||||
=008  070508e19951215cau097\\\\\\\\\\\\vleng\d
=024  7\$aHI2007_066_01$2nyu-hidvl
=024  7\$aHI2007_067_01$2nyu-hidvl
=024  7\$aHI2007.066_01$2nyu-hidvl
=035  \\$a(NYU)NYUb13530688
=040  \\$aNNU$cNNU$eamim
=041  0\$aeng$aspa
=245  00$aLa pastorela$h[videorecording]
=260  \\$c1995 Dec. 15.
=300  \\$3master.$a2 videocassettes of 2 (Digital Betacam) (97 min.) :$bsd., col. ;$c1/2 in.
=300  \\$3viewing copy.$a2 videodiscs of 2 (DVD) (97 min. : pt.1, 37 min. ; pt.2, 60 min.) :$bsd., col. ;$c4 3/4 in.
=490  1\$aEl Teatro Campesino collection
=530  \\$aAlso available online as streaming video.
=546  \\$aIn English and Spanish.
=500  \\$aTitle supplied by Hemispheric Institute.
=500  \\$aPart of the Hemispheric Institute Digital Video Library.
=534  \\$pMedia source original:$e2 videocassettes of 2 (Mini DV) : sd., col. ; 1/4 in. SP.$mPanasonic DVM60.
=518  \\$aPerformed at the Old Mission of San Juan Bautista, California, on Dec. 15, 1995.
=508  \\$aEl Teatro Campesino, producer; Maria Candelaria, Tina Sandoval, producers; Kinan Valdez, director; Mexican folk traditition, original; Luis Valdez, adaptation; Michael Avina, production design; Leticia Candelaria, vocal direction; Janet Johns, choreography; Anahuac Valdez, lighting design; Brian Steeger, Marianne Steeger, musical direction.
=511  1\$aAnahuac Valdez, Jamie Huertas, Leticia Candelaria, Luis Juarez, Seth Millwood, Cristal Gonzalez, Lakin Valdez, Cesar Flores, Armando Quitana, Irma DeLeon, Gabriela Candelaria, Alma Perez, Cynthia Ponce, Enrique dela Cruz, Anastasia Perez, Adela Ruiz, Josh Sanchez, Concha Salinas, Stephani Waidelich, Irma Aceves, Bertha Desiderio, Jeff Mirrione, Matthew Wynne, Andrew Gutierrez, Angelica Hernandez; Emily Abbink, Paul Rangel, Brian Steeger, Marianne Steeger (musicians).
=520  \\$aFounded in 1965 by Luis Valdez, El Teatro Campesino was initially the cultural wing of the United Farm Workers union in California's central valley. With a pointed political mission, ETC performed their actos in the fields, agitprop improvisations communicated eloquently with the workers, who could neither read nor write, but recognized themselves and their values in the actos. By 1970 ETC had gained an international reputation, with major contributions to Chicano culture in the U.S. and to the development and expansion of the boundaries of theater everywhere. Theirs is a popular theater rooted in the American streets, early California history, Mayan/Aztec mythology and Mexican folklore and spiritualism, all geared toward expression of social, political and cultural perceptions. This video documents the piece La Pastorela, which is performed biannually by El Teatro Campesino during the Christmas holidays, alternating with La Virgen del Tepeyac, in the historic Mission of San Juan Bautista, established in 1797. Pastorelas, or Shepherds Plays, originated in medieval Europe as religious dramas and were later brought to the new world and Alta California by the Spanish missionaries. La Pastorela recreates the long trek of those first pastores to the holy site of the Nativity. This adaptation of La Pastorela was originally created in 1975, under the direction of Luis Valdez, based on a traditional version from San Luis Potosi in Mexico. The Lucifer character of Luzbel and his demons attempt to thwart the shepherds from reaching Bethlehem and the Holy Manger. However, in a dynamic clash of good against evil, San Miguel, the Archangel, and an army of angels overpower the demonic powers of Luzbel and the shepherds are at last free to complete their journey. This particular production, staged in 1995 by Kinan Valdez, is a youthful and vibrant reincarnation of this ETC popular classic.
=540  \\$aThere are copyright restrictions on this collection. For more information, go to the online version of this video.
=655  \0$aPastoral drama.
=650  \0$aPastoral drama, Mexican.
=653  \\$aShepherds' play
=653  \\$aReligious theater
=653  \\$aChicano theater
=655  \7$aPerformances (entertainment events).$2aat
=655  \7$aPerformance art.$2aat
=655  \7$aTheater (discipline).$2aat
=700  1\$aCandelaria, Maria.$4pro
=700  1\$aSandoval, Tina.$4pro
=700  1\$aValdez, Kinan.$4drt
=700  1\$aValdez, Luis.$4adp
=710  2\$aSan Juan Bautista (Mission : San Juan Bautista, Calif.)
=710  2\$aTeatro Campesino (Organization)
=710  2\$aHemispheric Institute Digital Video Library.
=830  \3$aEl Teatro Campesino collection.
=856  40$uhttp://hdl.handle.net/2333.1/ffbg79nz
=853  00$81$apt.
=863  50$81.1$a1$p31142042580343
=863  50$81.2$a2$p31142042580350
=954  \\$81$aVolumes

