=LDR  04310cgm a2200505 a 4500
=001  003808913
=005  20140421222819.0
=006  m\\\\\\\\c\\\\\\\\
=007  cr\cna|||m|||a
=007  cr\|||||||||||
=008  130825e199510uumau143\\\\\\\\s\\\vleng\d
=024  7\$aHI2012_035_01$2nyu-hidvl
=040  \\$aNNU$beng$cNNU
=041  0\$aeng
=043  \\$an-us---
=245  00$aFlyin' West$h[videorecording] /$cRoberta Uno, director ; New WORLD Theater, producer ; Rebecca Frank, assistant director ; Pearl Cleage, playwright.
=246  3\$aFlying West
=260  \\$c1995 Oct.
=300  \\$3viewing copy.$astreaming video (142 min., 29 sec.) :$bsd., col.
=490  1\$aNew WORLD Theater collection
=546  \\$aIn English.
=500  \\$aTitle supplied by Hemispheric Institute.
=500  \\$aPart of the Hemispheric Institute Digital Video Library.
=518  \\$aPerformed at the Mount Holyoke Theatre in Amherst, Massachusetts, in October 1995.
=508  \\$aMary Haddad, stage manager ; Anita Henderson, assistant stage manager ; Vanessa James, set designer ; John Howard, lighting designer.
=511  1\$aToks Olagundoye, Celia O. Hilson, Timothy E. Blake, Ronald Glenn, Ingrid C. Askew, Amy Auzenne, performers.
=520  \\$a‘Flying West,’ written by Pearl Cleage and directed by Roberta Uno, is the story of a small group of African-American women whose lives changed when they decide to go to the West and settle in a new, rough region. In this encounter with a new environment, themes such as determination, racism, interracial marriage, feminism, pride, and freedom arise to offer a reflection upon how individuals, families, and communities survive together. Among the difficulties of everyday life, there is power in the fact of being able of knowing who we are and where we go, as the women in the play affirm their identity as ‘three Negro women.’ The sisters Sophie, Fannie, and Minnie, and their neighbor Miss Leah, have to empower each other, especially when Minnie suffers domestic violence from her husband. When the couple’s abusive relationship becomes more and more violent, and when this violence threatens all the women’s well-being, they have to decide how to maintain their freedom and their sisterhood. This video documentation also features a pre-performance discussion with the cast.
=520  \\$aFrom 1979-2009, the New WORLD Theater worked at the intersection of artistic practice, community engagement, scholarship, and activism toward a vision of a ‘new world’ - one that broke the confines of multiculturalism and was an artistic harbinger of America’s shifting demographics. From a geographic ‘outpost’ in New England, New WORLD Theater evolved from a community organizing project and the Northeast point on a theater touring compass, to a protective studio to hone new work, a site of international intersections from South Africa to the South Bronx, and the home of inspired and rigorous collaborations with Western Massachusetts youth. New performance work development at New WORLD defied the conventional theater play lab as ghetto for artists of color; artists were met where they wanted to be in the imagining of new approaches, methods, and production. One of New WORLD Theater’s artistic legacies is Project 2050, an early call to imagine the U.S. demographic shift, with people of the future - youth, in equal collaboration with artists and scholars.
=534  \\$pMedia source original:$e1 videocassette of 1 (VHS) : sd., col. ; 1/2 in. LP.$mRCA T-120H
=540  \\$aThere are copyright restrictions on this collection. For more information, go to the online version of this video.
=650  \0$aAfrican American women$xIdentity.
=650  \0$aAfrican American women$xSocial conditions
=650  \0$aIdentity politics.
=650  \0$aVictims of family violence.
=650  \0$aWife abuse.
=655  \7$aPerformance.$2nyu-hidvl
=655  \7$aTheater.$2nyu-hidvl
=700  1\$aCleage, Pearl.$4aus
=700  1\$aUno, Roberta,$d1956-$4drt
=700  1\$aFrank, Rebecca.$4drt
=710  2\$aNew WORLD Theater.$4pro
=710  2\$aHemispheric Institute Digital Video Library.
=830  \0$aNew WORLD Theater collection.
=856  40$uhttp://hdl.handle.net/2333.1/59zw3ss3

