=LDR  06799cgm  2200889 a 4500
=001  000563616
=003  NNU
=004  NYUb13556669
=005  20140421142710.0
=006  m\\\\\\\\z\\\\\\\\
=007  vd\cvaizu
=007  vf\ciahou
=007  cr\cna
=007  \\vd
=007  cr\|||||||||||
=008  071121s1995\\\\nyu096\\\\\\\\\\\\vleng\d
=024  7\$aHI2005_046_A_01$2nyu-hidvl
=024  7\$aHI2005_046_B_01$2nyu-hidvl
=024  7\$aHI2005.046_01_A$2nyu-hidvl
=040  \\$aNNU$cNNU$eamim
=245  00$aIndian Summer '95 :$bOpen wounds Tlalteuctli & In the spirit$h[videorecording].
=246  3\$aOpen wounds Tlalteuctli (Coatlicue Theater Company)
=246  3\$aIn the spirit (Chuka Lokoli Theater Company)
=246  1\$iTitle on DVD title screen:$aIndian Summer 1995
=246  1\$iTitle given on recording in opening speech:$aOpen wounds on Tlalteuctli
=260  \\$c1995.
=300  \\$a2 videocassettes of 2 (Digital Betacam) (96 min.) :$bsd., col. ;$c1/2 in.$3master.
=300  \\$a2 videodiscs of 2 (DVD) (96 min. : pt.A, 88 min. ; pt.B, 8 min.) :$bsd., col. ;$c4 3/4 in.$3viewing copy.
=490  1\$aAmerican Indian Community House collection
=530  \\$aAlso available online as streaming video.
=500  \\$aTitle supplied by Hemispheric Institute.
=500  \\$aPart of the Hemispheric Institute Digital Video Library.
=534  \\$pMedia source original:$e1 videocassette of 1 (VHS) : analog sd., col. ; 1/2 in.
=518  \\$aPerformed at The American Indian Community House, New York City, in 1995.
=508  \\$aAmerican Indian Community House, producer ; Coatlicue Theater Company, Chuka Lokoli Theater Company, creators ; Elvira Colorado, Hortencia Colorado, Jim Cyrus, Betsy Theobald, directors.
=511  1\$aElvira Colorado (Chichimec Otomi), Hortencia Colorado (Chichimec Otomi), Steve Elm (Oneida), Elisa Cato (Mohawk), Kim Bassett (Penobscot), Gordon Ison (Lumbee), Amy Tall Chief (Osage), Amber Gauthier (Ho Chunk).
=520  \\$a'Open Wounds Tlalteuctli' was written and performed by Elvira and Hortencia Colorado, founders of the Coatlicue Theater Company. This piece is about environmental and societal violence against women. Elvira and Hortencia Colorado, Chichimec Otomi storytellers, playwrights, performers and community activists are founding members of Coatlicue Theatre Company (www.coatlicue.com). They are also members of Danza Mexica Cetiliztli, New York Zapatistas and the American Indian Community House. The company's plays address social, political, cultural and identity issues that impact their lives and their community. Their work is based on stories they weave together which educate as well as entertain, while reaffirming their survival as urban Native American women. They have conducted storytelling/ theatre workshops. They are recipients of the Ingrid Washinawatok Community Activism Award. 
=520  \\$aAlso featured is 'In the Spirit,' written and performed by the Chuka Lokoli Theater Company ('Chuka Lokoli' means community spirit in Choctaw). A group of Indians are planning to blow-up Mt. Rushmore and while at the site their own personal issues threaten to derail their plan. The Mt. Rushmore monument is located in the sacred site of the Black Hills South Dakota. The presence of the president's heads in the Black Hills is a site of contention, as they are seen as defacing sacred territory. Furthermore, federal law protects Mt. Rushmore from defacement by rock-climbers and other sportsman, while sites such as Mato Tipi (devil's tower), which are sacred to the surrounding tribes, are afforded no such protection. The American Indian Community House (AICH) is an urban Indian center that services the needs of the Native people living in New York City and welcomes Native visitors to the city.   
=520  \\$aAICH was founded in 1969 and has become a de facto 'neighborhood' serving as a meeting place for the diverse Native community of the New York City area. The Community House offers a variety of services ranging from substance abuse and HIV counseling, to career assistance. It is also home to the only Indian owned and operated art gallery in New York City. The AICH's Performing Arts Department has become an important resource for Native visual and performance artists. Through its programming, performance has become an important educational vehicle, both for the Native and non-Native NY community. The Badger's Corner, initiated in the 1980's, is an education-via-entertainment vehicle for the AICH's visual and performing arts department programs.   
=520  \\$aTaking its name from the Pueblo legend of the four-legged creature who led the Pueblo people out of the underworld after the great flood, the intent of its programming is to inform and challenge people to rethink their concept(s) of Native American people and customs. All performances at AICH are presented under the auspices of the Badger's Corner. 'Indian Summer' is an annual event at AICH and an occasion for artists to present their latest works to the community and the general public. All performers, whether new to the field or veteran practitioners, are encouraged to present their work.  
=540  \\$aThere are copyright restrictions on this collection. For more information, go to the online version of this video.
=650  \0$aIndian theater.
=650  \0$aIdentity (Psychology)$xPolitical aspects.
=650  \0$aWomen$xIdentity.
=650  \0$aWomen$xAbuse of.
=650  \0$aIndian women.
=653  \\$aNative theater
=653  \\$aIdentity politics
=655  \7$aPerformance.$2nyu-hidvl
=655  \7$aNative theater.$2nyu-hidvl
=655  \7$aAmerican Indian performance.$2nyu-hidvl
=655  \7$aPolitical performance.$2nyu-hidvl
=700  1\$aColorado, Elvira.$4drt$4prf
=700  1\$aColorado, Hortencia.$4drt$4prf
=700  1\$aCyrus, Jim.$4drt
=700  1\$aTheobald, Betsy.$4drt
=700  1\$aElm, Steve.$4prf
=700  1\$aCato, Elisa.$4prf
=700  1\$aBassett, Kim.$4prf
=700  1\$aIson, Gordon.$4prf
=700  1\$aTall Chief, Amy.$4prf
=700  1\$aGauthier, Amber.$4prf
=710  2\$aCoatlicue Theater Company.$4cre
=710  2\$aChuka Lokoli Theater Company.$4cre
=710  2\$aAmerican Indian Community House (New York, N.Y.)$4pro
=710  2\$aHemispheric Institute Digital Video Library.
=830  \0$aAmerican Indian Community House collection.
=853  00$81$apt.
=863  50$81.1$aA$p31142046122688
=863  50$81.2$aB$p31142046122696
=856  40$uhttp://hdl.handle.net/2333.1/xpnvx0wn
=954  \\$81$aVolumes

