=LDR  04688cgm  2200697 a 4500
=001  003424575
=004  003424575
=005  20110228101442.0
=006  m\\\\\\\\z\\\\\\\\
=007  vd\cvaizu
=007  vf\ciahou
=007  cr\cna|||m|||a
=007  vd\cvaizu
=007  cr\|||||||||||
=008  110224e199507uuck\115\\\\\\\\\\\\vlspa\d
=024  7\$aHI2007_239_01$2nyu-hidvl
=024  7\$aHI2007_240_01$2nyu-hidvl
=024  7\$aHI2007.239_01$2nyu-hidvl
=024  7\$aHI2007.240_01$2nyu-hidvl
=040  \\$aNNU$beng$cNNU
=041  0\$aspa
=043  \\$as-ck---
=079  \\$a(OCoLC)878609554
=245  00$aOrestea ex machina$h[videorecording] /$cMapa Teatro, producer ; Rolf Abderhalden Cortés, Heidi Abderhalden Cortés, directors.
=260  \\$c1995 July.
=300  \\$a2 videodiscs of 2 (DVD) (115 min.: pt.1, 62 min.; pt.2, 53 min.) :$bsd., col. ;$c4 3/4 in.$3viewing copy.
=300  \\$a2 videocassettes of 2 (Digital Betacam) (115 min.) :$bsd., col. ;$c1/2 in.$3master.
=490  1\$aMapa Teatro : Laboratorio de Artistas collection
=538  \\$aDVD; NTSC.
=530  \\$aAlso available online as streaming video.
=546  \\$aIn Spanish.
=500  \\$aTitle supplied by Hemispheric Institute.
=500  \\$aPart of the Hemispheric Institute Digital Video Library.
=534  \\$pMedia source original:$e2 videocassettes of 2 (Mini DV) : sd., col. ; 1/4 in. SP.$mPanasonic DVM60.
=518  \\$aPerformed at Antiguos Estudios de Inravisión, Biblioteca Nacional, Bogotá, Colombia, in July 1995.
=500  \\$aBased on the classic by Aeschylus.
=508  \\$aAntonio Orlando Rodríguez, dramaturgical consultant ; Sergio Mesa, Catalina Peralta, acoustic consultants ; Mapa Teatro, costumes, lighting.
=511  1\$aHeidi Abderhalden, Rolf Abderhalden, Nadya Ávila, Tino Fernández, Natalia Helo, Harold Moreno, José Ignacio Rincón, Victoria Valencia, Ximena Vargas, Carlos Zamudio, performers.
=520  \\$aBased on Aeschylus' Oresteia, Mapa Teatro's 'Orestea Ex Machina' presents a world where gods don't come down to earth to solve humanity's conflicts and contradictions. Their divine absence, the empty space left by them, is the ground from where this rendition questions Aeschylus' piece and where Mapa Teatro installs a symbolic machinery of death, vengeance and justice - machinery already envisioned by the Tragic poets - in order to tell humanity, across time and space, about the dynamics of life and history. One of the foremost artistic companies in Colombia, Mapa Teatro (www.mapateatro.org) has been producing theater, performance and art installation projects since 1984. Founders and directors, Rolf and Heidi Abderhalden have created a wide ranging repertoire of theater, opera, mixed-media performance, and site-specific installation. Their work proposes richly textured visual metaphors in which they consider often complex psychological, social and political relationships. Committed to experimentation, and less interested in the actor as an 'agent of fiction,' they describe their project as 'a laboratory of social imagination,' that offers a space for presenting community issues and human concerns in media and performance. This combination of real-life situations and sites along with highly stylized aesthetic staging produces a tension between real action and (re)presentation. Mapa Teatro draws from live events captured on video such as the demolition of a neighborhood in Bogotá, ritual practice, and texts that explore the relationship of postmodern subjects, myth and metaphor. Mapa Teatro has performed by commissions, festivals and collaborative projects world-wide.
=540  \\$aThere are copyright restrictions on this collection. For more information, go to the online version of this video.
=600  00$aAeschylus.$tOresteia.
=650  \0$aTheater and society$zColombia$zBogotá.
=650  \0$aTheater$zColombia$zBogotá.
=650  \0$aPerforming arts$zColombia$zBogotá.
=655  \7$aPerformance.$2nyu-hidvl
=655  \7$aTheater.$2nyu-hidvl
=655  \7$aExperimental theater$2nyu-hidvl
=655  \7$aRehearsal.$2nyu-hidvl
=700  1\$aCortés, Rolf Abderhalden.$4drt$4prf
=700  1\$aCortés, Heidi Abderhalden.$4drt$4prf
=700  1\$aRodríguez, Antonio Orlando,$d1956-
=700  0\$aAeschylus$tOresteia.
=710  2\$aMapa Teatro.$4pro
=710  2\$aHemispheric Institute Digital Video Library.
=830  \0$aMapa Teatro : Laboratorio de Artistas collection.
=853  00$81$apt.
=863  \\$81.1$a1
=863  \\$81.2$a2
=856  40$uhttp://hdl.handle.net/2333.1/wwpzgp44

