=LDR  04568cgm  2200661 a 4500
=001  000561711
=003  NNU
=004  NYUb13554561
=005  20080408163438.0
=006  m\\\\\\\\z\\\\\\\\
=007  vd\cvaizu
=007  vf\ciahou
=007  cr\cna
=007  cr\|||||||||||
=008  071115e19950331nyu052\\\\\\\\\\\\vleng\d
=024  7\$aHI2005_024_01$2nyu-hidvl
=024  7\$aHI2005.024_01$2nyu-hidvl
=035  \\$a(NYU)NYUb13554561
=040  \\$aNNU$cNNU$eamim
=245  00$aIn the essence$h[videorecording]
=246  33$aChuka Lokoli Theater :$bIn the essence
=246  33$aIn the essence (reading)
=260  \\$c1995 Mar. 31.
=300  \\$a1 videocassette of 1 (Digital Betacam) (52 min.) :$bsd., col. ;$c1/2 in.$3master.
=300  \\$a1 videodisc of 1 (DVD) (52 min.) :$bsd., col. ;$c4 3/4 in.$3viewing copy.
=490  1\$aAmerican Indian Community House collection
=530  \\$aAlso available online as streaming video.
=500  \\$aTitle supplied by Hemispheric Institute.
=500  \\$aPart of the Hemispheric Institute Digital Video Library.
=534  \\$pMedia source original:$e1 videocassette of 1 (VHS) : analog sd., col. ; 1/2 in.
=518  \\$aPerformed at The American Indian Community House, New York City, on Mar. 31, 1995.
=508  \\$aChuka Lokoli Theater, creator ; American Indian Community House, producer ; Bill Yellow Robe, producer ; Bunky Echo-Hawk, writer ; Betsy Theobald, director ; Jim Cyrus, director.
=511  1\$aChuka Lokoli Theater, Kim Bassett (Penobscot), John Dreher (Lakota/Mohawk/Dela), Gordon Ison (Lumbee), Amy Tall Chief (Osage), Steve Elm (Oneida), Cochise Anderson (Choctaw), Vicki Ramirez (Tuscarora), Irene Bedard (Inupiak), Elisa Cato (Mohawk).
=520  \\$aA reading of Bunky Echo-Hawks, In the Essence, a satirical piece exploring American Indian stereotypes and the impact of others expectations on an Indian's personal life. Bunky Echo-Hawk (Pawnee/Yakama) was a student at the American Indian Arts Institute and a member of the Chuka Lokoli Theater Company. Chuka Lokoli means 'community spirit' in Choctaw. The American Indian Community House (AICH) is an urban Indian center that services the needs of the Native people living in New York City and welcomes Native visitors to the city. AICH was founded in 1969 and has become a de facto neighborhood serving as a meeting place for the diverse Native community of the New York City area. The Community House offers a variety of services ranging from substance abuse and HIV counseling, to career assistance. It is also home to the only Indian owned and operated art gallery in New York City. The AICHs Performing Arts Department has become an important resource for Native visual and performance artists. Through its programming, performance has become an important educational vehicle, both for the Native and non-Native NY community. The Badger's Corner, initiated in the 1980s, is an education-via-entertainment vehicle for the AICHs visual and performing arts department programs. Taking its name from the Pueblo legend of the four-legged creature who led the Pueblo people out of the underworld after the great flood, the intent of its programming is to inform and challenge people to rethink their concept(s) of Native American people and customs. All performances at AICH are presented under the auspices of the Badgers Corner.
=540  \\$aThere are copyright restrictions on this collection. For more information, go to the online version of this video.
=650  \0$aIdentity (Psychology)$xPolitical aspects.
=650  \0$aIdentity (Psychology)
=650  \0$aStereotypes (Social psychology)
=653  \\$aIdentity politics
=653  \\$aAmerican Indian performance
=655  \7$aPerformance.$2nyu-hidvl
=655  \7$aTheater.$2nyu-hidvl
=655  \7$aReading.$2nyu-hidvl
=655  \7$aNative performance.$2nyu-hidvl
=655  \7$aAmerican Indian theater.$2nyu-hidvl
=700  1\$aEcho-Hawk, Bunky.$4aut
=700  1\$aYellow Robe, William S.,$d1960-$4pro
=700  1\$aTheobald, Betsy.$4drt
=700  1\$aCyrus, Jim.$4drt
=710  2\$aChuka Lokoli Theater Company.$4cre$4prf
=710  2\$aAmerican Indian Community House (New York, N.Y.)$4pro
=710  2\$aHemispheric Institute Digital Video Library.
=830  \0$aAmerican Indian Community House collection.
=856  40$uhttp://hdl.handle.net/2333.1/ncjsxm3b

