=LDR  06614cgm a2200817 a 4500
=001  000563568
=003  NNU
=004  NYUb13556619
=005  20140421142517.0
=006  m\\\\\\\\z\\\\\\\\
=007  vd\cvaizu
=007  vf\ciahou
=007  cr\cna
=007  \\vd
=007  cr\|||||||||||
=008  071121e19950603nyu118\\\\\\\\\\\\vleng\d
=024  7\$aHI2005_040_A_01$2nyu-hidvl
=024  7\$aHI2005_040_B_01$2nyu-hidvl
=024  7\$aHI2005.040_01_A$2nyu-hidvl
=040  \\$aNNU$cNNU$eamim
=245  00$aIndian 101 & Ulali$h[videorecording]
=246  3\$aIndian Summer '95 :$bAmerican Indian Youth Theater Project ('Indian 101') & Ulali
=246  3\$iTitle on DVD cover and title screen:$aIndian 101 and Ulali
=260  \\$c1995 June 3.
=300  \\$3master.$a2 videocassettes of 2 (Digital Betacam) (118 min.) :$bsd., col. ;$c1/2 in.
=300  \\$3viewing copy.$a2 videodiscs of 2 (DVD) (118 min. : pt.A, 90 min. ; pt.B, 28 min.) :$bsd., col. ;$c4 3/4 in.
=490  1\$aAmerican Indian Community House collection
=530  \\$aAlso available online as streaming video.
=500  \\$aTitle supplied by Hemispheric Institute.
=500  \\$aPart of the Hemispheric Institute Digital Video Library.
=534  \\$pMedia source original:$e1 videocassette of 1 (VHS) : sd., col. ; 1/2 in.
=518  \\$aPerformed at The American Indian Community House, New York City, on June 3, 1995.
=508  \\$aAmerican Indian Community House, producer ; American Indian Youth Theater Project, creator ; Ulali, creator ; Steve Elm, director ; Pura Fe & Soni Moreno, directors.
=511  1\$aNicole Benett, Murielle Borst, Vicky Ramirez, Shaun Finnerty, Carrese Gullo, Pura Fe, Soni Moreno.
=520  \\$aIndian 101 is a dark comedy about a class of Indians with literary aspirations. Set in an adult writing class a few days before Christmas, the students decide to have class as usual despite the teacher's absence. The result is both hilarious and tragic as the critique of work soon degrades into criticism of each other and ends in all out war. Indian 101 was written by the Fourplay Theater Company. Director Steve Elm, formally a Fourplay Company member, later adapted Indian 101 for the American Indian Youth Theater Project. The Theater Project is a part of the American Indian Community House Youth Council, which serves as a cultural and social outlet for Native American Youth concerned with current issues facing the Native community. Following the play is a performance by two members of the a capella womens group Ulali (Pura Fe and Soni Moreno). Steve Elm (Oneida), editor of AMERINDA's Talking Stick Native Arts Quarterly, has worked in the arts on both sides of the Atlantic. 
=520  \\$aTrained at London's Rose Bruford College, Steve has appeared as an actor in film, television and on the stage. He has worked as a playwright and director with London's Common Body Theatre, University of Manchester (England), the American Indian Community House Youth Theatre Project, and was a founding member of Chuka Lokoli Native Theatre Ensemble in New York City. Ulali, formerly known as Pura Fe (a seven member group) is an a cappella women's trio that features Pura Fe (Tuscarora), Soni Moreno (Apache/Mayan) and Jennifer Kreisberg (Tuscarora). Ulali blends a variety of traditional and contemporary indigenous music of the Americas and incorporate political, social and personal issues affecting all human beings. This evening only two members Pura and Soni perform a set of their own songs. The American Indian Community House (AICH) is an urban Indian center that services the needs of the Native people living in New York City and welcomes Native visitors to the city.   
=520  \\$aAICH was founded in 1969 and has become a de facto neighborhood serving as a meeting place for the diverse Native community of the New York City area. The Community House offers a variety of services ranging from substance abuse and HIV counseling, to career assistance. It is also home to the only Indian owned and operated art gallery in New York City. The AICHs Performing Arts Department has become an important resource for Native visual and performance artists. Through its programming, performance has become an important educational vehicle, both for the Native and non-Native NY community. The Badger's Corner, initiated in the 1980s, is an education-via-entertainment vehicle for the AICHs visual and performing arts department programs.   
=520  \\$aTaking its name from the Pueblo legend of the four-legged creature who led the Pueblo people out of the underworld after the great flood, the intent of its programming is to inform and challenge people to rethink their concept(s) of Native American people and customs. All performances at AICH are presented under the auspices of the Badgers Corner. Indian Summer is an annual event at AICH and an occasion for artists to present their latest works to the community and the general public. All performers, whether new to the field or veteran practitioners, are encouraged to present their work.  
=540  \\$aThere are copyright restrictions on this collection. For more information, go to the online version of this video.
=650  \0$aIndigenous peoples$xEthnic identity.
=650  \0$aIndian theater.
=653  \\$aContemporary Native performances
=655  \7$aPerformance.$2nyu-hidvl
=655  \7$aIndigenous performance.$2nyu-hidvl
=655  \7$aUrban American Indian performing arts.$2nyu-hidvl
=655  \7$aNative youth theater.$2nyu-hidvl
=655  \7$aContemporary Native singing.$2nyu-hidvl
=655  \7$aA cappella.$2nyu-hidvl
=700  1\$aElm, Steve.$4drt
=700  0\$aPura Fé$4drt$4prf
=700  1\$aMoreno, Soni.$4drt$4prf
=700  1\$aBenett, Nicole.$4prf
=700  1\$aBorst, Murielle.$4prf
=700  1\$aRamirez, Vicky.$4prf
=700  1\$aFinnerty, Shaun.$4prf
=700  1\$aGullo, Carrese.$4prf
=710  2\$aUlali (Musical group)$4cre
=710  2\$aAmerican Indian Youth Theater Project.$4cre
=710  2\$aAmerican Indian Community House (New York, N.Y.)$4pro
=710  2\$aHemispheric Institute Digital Video Library.
=830  \0$aAmerican Indian Community House collection.
=853  00$81$apt.
=863  50$81.1$aA$p31142046122787
=863  50$81.2$aB$p31142046122829
=856  40$uhttp://hdl.handle.net/2333.1/q573n64p
=954  \\$81$aVolumes

