=LDR  04268cgm a22006375a 4500
=001  000513955
=003  NNU
=004  NYUb13502649
=005  20071210173430.0
=006  m\\\\\\\\z\\\\\\\\
=007  vd\cvaizu
=007  vf\ciahou
=007  cr\cna
=007  cr\|||||||||||
=008  070606s1995\\\\pr\044\\\\\\\\\\\\vlspa\d
=024  7\$aHI2007_022_01$2nyu-hidvl
=024  7\$aHI2007.022_01$2nyu-hidvl
=040  \\$aNNU$cNNU$eamim
=043  \\$anwpr---
=245  00$aAcceso controlado$h[videorecording].
=260  \\$c1995.
=300  \\$3master.$a1 videocassette of 1 (Digital Betacam) (44 min.) :$bsd., col. ;$c1/2 in.
=300  \\$3viewing copy.$a1 videodisc of 1 (DVD) (44 min.) :$bsd., col. ;$c4 3/4 in.
=490  1\$aTeresa Hernández video collection
=530  \\$aAlso available online as streaming video.
=546  \\$aIn Spanish, Spanglish, and fictional pidgin.
=500  \\$aTitle supplied by Hemispheric Institute.
=500  \\$aPart of the Hemispheric Institute Digital Video Library.
=534  \\$pMedia source original:$e1 videocassette of 1 (Mini DV) : sd., col. ; 1/4 in. SP.$mSony T60PR.
=518  \\$aPerformed at Casa Aboy, San Juan, Puerto Rico, in 1995.
=508  \\$aTeresa Hernández, producer, director, concept, and text ; Producciones Teresa, no inc., producer.
=511  1\$aTeresa Hernández, Javier Cardona, Lydia Platón, Carola García.
=520  \\$aTeresa Hernández is a Puerto Rican stage artist. Teresas creative projects are characterized by a consistent eschewing of traditional artistic categories. Teresas characters explore and expose the anxieties of everyday life in Puerto Rican society, transversally investigating issues of gender, class and race. Acceso controlado is a multimedia spectacle revolving around the theme of controlled access and the metaphor (and growing reality) of gated communities in Puerto Rico. Five sections comprise this piece, with five characters masterfully performed by Hernández. La Reina delivers a fascist, classist, racist speech, claiming that democratization and mestizaje are crimes against the historic order. The security guard Teniente Cortés talks about the paranoia and false security nets people resort to - controlling access through the now ubiquitous gated communities being one of them - in order to protect themselves form the alarming growth of criminality in Puerto Rico. We later find El Chamaco in Primera Plana, a scene exploring the body language and expressions of the criminal(ized) youth, bringing to the forefront the interplay between will and subjection, the criminal life on the street and the institutional forces trying to control it. A short film follows, titled Milagros Vélez, based on Request Concert by Franz Xaver Kroetz and Act without Words by Samuel Beckett. The last piece, La Primera Dama en Solo Operático en Tiempos Desafortunados completes the performance, with a hysterical First Lady symbolizing the banality of complaint in a society where a financial elite controls cultural expression and politicians hide corruption behind hypocritical civic concern.
=540  \\$aThere are copyright restrictions on this collection. For more information, go to the online version of this video.
=650  \0$aPerforming arts$zPuerto Rico.
=650  \0$aWomen in the performing arts$zPuerto Rico.
=650  \0$aGated communities$zPuerto Rico.
=651  \0$aPuerto Rico$xSocial conditions.
=655  \7$aPerformances.$2nyu-hidvl
=655  \7$aTheater.$2nyu-hidvl
=655  \7$aMultimedia performance.$2nyu-hidvl
=655  \7$aExperimental performing arts.$2nyu-hidvl
=655  \7$aPerformances (entertainment events).$2aat
=655  \7$aPerformance art.$2aat
=655  \7$aTheater (discipline).$2aat
=655  \7$aMultimedia works.$2aat
=700  1\$aHernandez, Teresa.$4pro$4drt$4aut$4prf
=710  2\$aProducciones Teresa.$4pro
=710  2\$aHemispheric Institute Digital Video Library.
=830  \0$aTeresa Hernández video collection.
=856  40$uhttp://hdl.handle.net/2333.1/dz08kq1z

