=LDR  03890cgm a2200553 a 4500
=001  003888539
=005  20140421223720.0
=006  m\\\\\\\\c\\\\\\\\
=007  cr\cna|||m|||a
=007  cr\|||||||||||
=008  131118e19950218cau110\\\\\\\\s\\\vleng\d
=024  7\$aHI2010_079_01$2nyu-hidvl
=040  \\$aNNU$beng$cNNU
=041  0\$aeng$aspa
=245  00$a¿¡Qué Nuevas!?$h[videorecording] =$bWhat's new!? /$cLatina Theatre Lab (Jaime Lujan), producer ; Wilma Bonet, director ; Latina Theatre Lab Ensemble, creator.
=246  31$aWhat's new!?
=260  \\$c1995 Feb. 18.
=300  \\$3viewing copy.$a1 streaming video (109 min., 2 sec.) :$bsd., col.
=490  1\$aLatina Theatre Lab collection
=546  \\$aIncludes English and Spanish.
=500  \\$aTitle supplied by Hemispheric Institute.
=500  \\$aPart of the Hemispheric Institute Digital Video Library.
=518  \\$aPerformed at the Brava! for Women in the Arts' Studio Theater, in San Francisco, California, on February 18, 1995.
=508  \\$aSylvia Sahagun Gonzalez, stage manager ; Alan Katzman, sound designer ; Alexandra Vazquez, lighting designer ; Wilma Bonet, video concept and design.
=511  1\$aYolanda Aranda, Cristina Frias, Valerie de Jose, Tessa Koning-Martinez, Jaime Lujan, Sunny Martinez, Maria Elena Mestayer, Gloria Ponce, Mary Anne Rodgers, Andrea Cristina Thome, Leedia Urteaga, performers.
=520  \\$a¿¡Qué Nuevas!? - What’s New!?, Latina Theatre Lab’s first Original Musical Comedy, examined stereotypes within the Entertainment Industry through the varied experiences of eleven Latina actresses. With Carmen Miranda as an icon, interwoven with video interviews of the performers, this work explores self-image, self-doubt, and finally self-acceptance by dropping the mask and singing 'Mamá yo quiero!'.
=520  \\$aLatina Theatre Lab was one of the first and only all-Latina collective of writers, performers, and directors in the U.S. Their performance-sketch work dealt with pop culture, immigration, cross-cultural identities, and the complexities of 'being Latina.' The group was founded in 1994 by four San Francisco Bay Area actresses known as the 'comadres': Dena Martinez, Jaime Lujan, Tessa Koning-Martinez and Wilma Bonet. Their purpose was to create theater that would go beyond the ever shrinking and limited range of roles for which Latina actresses were being considered. These roles were scarce, and rarely defied racial stereotypes. From 1994-1999, Latina Theatre Lab's work played with these cultural and gender stereotypes, exploring the legacies they inherited both as Latinas and as women. They also collaborated with fellow comedy troupes in California, such as Culture Clash, the Asian American Theater Company, and the 18 Mighty Mountain Warriors.
=534  \\$pMedia source original:$e1 videocassette of 1 (VHS) : sd., col. ; 1/2 in. SP.$mRecoton (in Maxell case).
=540  \\$aThere are copyright restrictions on this collection. For more information, go to the online version of this video.
=650  \0$aIdentity politics.
=650  \0$aHispanic American women artists.
=650  \0$aHispanic Americans$xEthnic identity
=650  \0$aEthnic relations.
=650  \0$aCultural awareness.
=650  \0$aStereotypes (Social psychology)
=650  \0$aPolitical satire.
=653  \\$aCross-cultural perspectives.
=653  \\$aLatina artists.
=655  \7$aPerformance.$2nyu-hidvl
=655  \7$aTheater.$2nyu-hidvl
=655  \7$aMultimedia.$2nyu-hidvl
=655  \7$aPolitical parody.$2nyu-hidvl
=700  1\$aLujan, Jaime.$4pro$4prf
=700  1\$aBonet, Wilma.$4drt
=710  2\$aLatina Theatre Lab.$4pro$4cre$4prf
=710  2\$aHemispheric Institute Digital Video Library.
=830  \0$aLatina Theatre Lab collection.
=856  40$uhttp://hdl.handle.net/2333.1/ncjsxnjp

