=LDR  05898cgm a22007215a 4500
=001  000513867
=003  NNU
=004  NYUb13502558
=005  20071210173430.0
=006  m\\\\\\\\z\\\\\\\\
=007  vd\cvaizu
=007  vf\ciahou
=007  cr\cna
=007  cr\|||||||||||
=008  070606s1995\\\\mau006\\\\\\\\\\\\vlmul\d
=024  7\$aHI2007_018_01$2nyu-hidvl
=024  7\$aHI2007.018_01$2nyu-hidvl
=035  \\$a(NYU)NYUb13502558
=040  \\$aNNU$cNNU$eamim
=041  0\$aspa$aeng
=043  \\$anwpr---
=245  00$aSon corazón$h[videorecording] =$bHeartstrung.
=246  30$aHeartstrung
=246  3\$aSon corazón :$bpara Myrna Vázquez
=246  3\$aHeartstrung :$bpara MyrnaVázquez
=260  \\$c1995.
=300  \\$3master.$a1 videocassette of 1 (Digital Betacam) (6 min.) :$bsd., col. ;$c1/2 in.
=300  \\$3viewing copy.$a1 videodisc of 1 (DVD) (6 min.) :$bsd., col. ;$c4 3/4 in.
=490  1\$aRosa Luisa Márquez and theater collaborators
=530  \\$aAlso available online as streaming video.
=546  \\$aIn Spanish, English, and Spanglish.
=500  \\$aTitle supplied by Hemispheric Institute.
=500  \\$aPart of the Hemispheric Institute Digital Video Library.
=534  \\$pMedia source original:$e1 videocassette of 1 (VHS) : sd., col. ; 1/2 in. SP.$mMaxell T-30.
=518  \\$aPerformed in Boston, Massachusets, in 1995.
=508  \\$aMIT Office of the Arts, producer ; Next Stage, IBA Arte y Cultura, producer ; Rosa Luisa Márquez, writer, producer, director ; Brenda Cotto-Escalera, assistant director ; Antonio Martorell, sets and costumes ; Oscar Medina, lighting design ; Miguel Villafañe, videographer, editor.
=511  1\$aNoelia Ortiz, Susan Thomson, Melinda López, Cati Lagniel.
=520  \\$aVideo excerpts of "Son Corazón / Heartstrung", a theatrical tribute to actress and activist Myrna Vázquez, premiered at the Jorge Hernández Cultural Center in Villa Victoria, Boston, in July 1995, and later restaged at the U. of Amherst as a part of the New World Theatre in June 1996. The work, written and directed by former MIT artist-in-residence Rose Luisa Márquez, was researched and conceived in conjunction with the MIT Office of the Arts, IBA Arte y Cultura, Next Stage, Inc., and the Cambridge Multicultural Arts Center. This production was developed as a collaboration between Márquez, long-time collaborator Antonio Martorell, Assistant Professor of Theater Arts Brenda Cotto-Escalera, and professional performers Noelia Ortiz, Susan Thomson, Melinda López and Cati Lagniel. A bilingual, agile production, the piece pays homage to the outstanding theater, film, radio and television performances by Vázquez (born in Puerto Rico and "dying too soon" in Boston), as well as her commitment to social and political activism. The reenactment of some of her most memorable roles - with canonic Puerto Rican texts "La Carreta" and "La Pasión Según Antígona Pérez" - by means of objects, songs, coexisting languages and imaginative spatial articulations, reaches metatheatrical complexity while entrancing the audience with memories of "a heart that loved too much". Rosa Luisa Márquez (www.marquezmartorell.org) is a Puerto Rican theatre artist and pedagogue. Founding member of the theater group Anamú in 1971, she holds a masters degree from New York University and a Doctorate from Michigan State University; she specializes in contemporary theater. Rosa Luisa started her teaching career at the Theater department of the University of Puerto Rico in 1978. She developed the current curriculum of Drama Activities, which she teaches in her workshops at schools, prisons, rehab centers, womens shelters, nursing homes and community centers. Her directing projects include "Romeo(s) y Julieta(s)", "Historias para ser Contadas", "La Leyenda del Cemí", "Procesión", "Waiting for Godot", "Jardín de Pulpos", "Absurdos en Soledad", "El León y la Joya", among others. In conjunction with Puerto Rican visual artist Antonio Martorell, she created the concept of Itinerant Performers (1987-1990) resulting in twelve productions. Published books include "Brincos y saltos: el juego como disciplina teatral" and "Historias para ser contadas, montaje de Rosa Luisa Márquez". She is a member of the board of directors and pedagogical team for the EITALCs International School of Latin American and Caribbean Theater. Ongoing artistic collaborators include Gilda Navarra and Antonio Martorell (Puerto Rico), Grupo Malayerba (Ecuador), Grupo Yuyachkani (Peru), and directors Peter Shumann (Bread & Puppet Theater, U.S.A.) and Augusto Boal (Theater of the Oppressed, Brazil).
=540  \\$aThere are copyright restrictions on this collection. For more information, go to the online version of this video.
=600  10$aVásquez, Myrna.
=650  \0$aWomen in the performing arts.
=650  \0$aPerforming arts$zPuerto Rico.
=653  \\$aMIT artist-in-residence program
=655  \7$aPerformances.$2nyu-hidvl
=655  \7$aTheater.$2nyu-hidvl
=655  \7$aBilingual theater.$2nyu-hidvl
=655  \7$aExperimental theater.$2nyu-hidvl
=655  \7$aContemporary theater.$2nyu-hidvl
=655  \7$aPerformances (entertainment events).$2aat
=655  \7$aPerformance art.$2aat
=655  \7$aTheater (discipline).$2aat
=700  1\$aMárquez, Rosa Luisa.$4aut$4pro$4drt
=710  2\$aMIT Office of the Arts.$4pro
=710  2\$aNext Stage Inc.$4pro
=710  2\$aIBA Arte y Cultura.$4pro
=710  2\$aMassachusetts Institute of Technology.
=710  2\$aHemispheric Institute Digital Video Library.
=830  \0$aRosa Luisa Márquez and theater collaborators.
=856  40$uhttp://hdl.handle.net/2333.1/xwdbrvcz

