=LDR  06007cgm  2200805 a 4500
=001  000540548
=003  NNU
=004  NYUb13531713
=005  20080407145304.0
=006  m\\\\\\\\z\\\\\\\\
=007  vd\cvaizu
=007  vf\ciahou
=007  cr\cna
=007  cr\|||||||||||
=008  070904e19951202pr\076\\\\\\\\\\\\vlspa\d
=024  7\$aHI2007_098_01$2nyu-hidvl
=024  7\$aHI2007_099_01$2nyu-hidvl
=024  7\$aHI2007_100_01$2nyu-hidvl
=024  7\$aHI2007.098_01$2nyu-hidvl
=035  \\$a(NYU)NYUb13531713
=040  \\$aNNU$cNNU$eamim
=041  0\$aspa
=043  \\$anwpr---
=245  00$aDenuncaacabar$h[videorecording].
=260  \\$c1995 Dec. 2.
=300  \\$3master.$a3 videocassettes of 3 (Digital Betacam) (76 min.) :$bsd., col. ;$c1/2 in.
=300  \\$3viewing copy.$a3 videodiscs of 3 (DVD) (76 min. : pt.1, 55 min. ; pt.2, 10 min. ; pt.3, 11 min.) :$bsd., col. ;$c4 3/4 in.
=490  1\$aRosa Luisa Márquez and theater collaborators
=530  \\$aAlso available online as streaming video.
=546  \\$aIn Spanish.
=500  \\$aTitle supplied by Hemispheric Institute.
=500  \\$aPart of the Hemispheric Institute Digital Video Library.
=534  \\$pMedia source original:$e3 videocassettes of 3 (Mini DV) : sd., col. ; 1/4 in. SP.$mPanasonic DVM60 ME.
=518  \\$aPerformed at University of Puerto Rico, Río Piedras Campus, Puerto Rico, on Dec. 2, 1995.
=508  \\$aUniversity of Puerto Rico (Río Piedras Campus), producer ; Rosa Luisa Márquez, producer, director ; based on texts by Kalman Barsy, Antonio Martorell, Mayra Santos, Ana Lydia Vega, Magali García Ramis ; Omar Silva, music director ; Antonio Martorell, set design ; Rosa Luisa Márquez, costume design.
=511  1\$aJessica Gaspar, Thaimy Reyes, Ricardo Álvarez, Israel Lugo, Karina Casiano, Myrna Cuevas, Pablo Cunqueiro, Tania Cruz, Yovanska Duarte, Frances Rivera, Heriberto Ramírez, Beliza Torres, Daileen Rodríguez, Laura Flores, Glorymar Carrión, Marisol Cuevas, Omar Silva, Jorge González, Mayra Pappaterra, Mayda Grano de Oro.
=520  \\$aRosa Luisa Márquez (www.marquezmartorell.org) is a Puerto Rican theater artist and pedagogue. Founding member of the theater group Anamú in 1971, she holds a Master's degree from New York University and a Doctorate from Michigan State University; she specializes in contemporary theater. Rosa Luisa started her teaching career at the Theater department of the University of Puerto Rico in 1978. She developed the current curriculum of Drama Activities, which she teaches in her workshops at schools, prisons, rehab centers, women's shelters, nursing homes and community centers. Her directing projects include 'Romeo(s) y Julieta(s),' 'Historias para ser Contadas,' 'La Leyenda del Cemí,' 'Procesión,' 'Waiting for Godot,' 'Jardín de Pulpos,' 'Absurdos en Soledad,' 'El León y la Joya,' among others. In conjunction with Puerto Rican visual artist Antonio Martorell, she created the concept of Itinerant Performers (1987-1990) resulting in twelve productions. Published books include 'Brincos y saltos: el juego como disciplina teatral' and 'Historias para ser contadas, montaje de Rosa Luisa Márquez.' She is a member of the board of directors and pedagogical team for the EITALC's International School of Latin American and Caribbean Theater. Ongoing artistic collaborators include Gilda Navarra and Antonio Martorell (Puerto Rico), Grupo Malayerba (Ecuador), Grupo Yuyachkani (Peru), and directors Peter Shumann (Bread & Puppet Theater, U.S.A.) and Augusto Boal (Theater of the Oppressed, Brazil). This video documents the theater piece 'denuncaacabar', directed by Márquez with her students of the University of Puerto Rico's 'Teatro Rodante' (Traveling Theater). The piece is a ludic theatrical exploration of issues of gender, race, culture, imperialism, and social conditions in Puerto Rican everyday life as portrayed by short stories written by the most outstanding Puerto Rican writers in the '80s. Created collaboratively by the members of the Teatro Rodante, the piece weaves a varied array of themes, languages and styles in their staging of 'La crianza: con la boca es un mamey' by Kalman Barsy, 'Marina y su olor' by Mayra Santos, 'Hostos, bróder, esto está difícil' by Magali García Ramis, 'La Gurúa Talía: Correo de San Valentín' by Ana Lydia Vega, as well as unpublished texts by renowned Puerto Rican artist Antonio Martorell.
=540  \\$aThere are copyright restrictions on this collection. For more information, go to the online version of this video.
=650  \0$aTheater$zPuerto Rico.
=650  \0$aExperimental theater$zPuerto Rico.
=650  \0$aCollege theater$zPuerto Rico.
=650  \0$aPuerto Rican literature$y20th century.
=651  \0$aPuerto Rico$xSocial conditions$y20th century.
=653  \\$aLatin American theater
=653  \\$aCollaborative creation
=655  \7$aPerformance.$2nyu-hidvl
=655  \7$aTheater.$2nyu-hidvl
=655  \7$aExperimental theater.$2nyu-hidvl
=655  \7$aCollective creation.$2nyu-hidvl
=655  \7$aUniversity theater.$2nyu-hidvl
=700  1\$aMárquez, Rosa Luisa.$4pro$4drt
=700  1\$aBarsy, Kalman.$4aut
=700  1\$aMartorell, Antonio,$d1939-$4aut
=700  1\$aSantos-Febres, Mayra,$d1966-$4aut
=700  1\$aVega, Ana Lydia,$d1946-$4aut
=700  1\$aGarcía Ramis, Magali,$d1946-$4aut
=700  1\$aSilva, Omar.$4mus$4drt
=710  2\$aUniversity of Puerto Rico (Río Piedras Campus)$4pro
=710  2\$aHemispheric Institute Digital Video Library.
=830  \0$aRosa Luisa Márquez and theater collaborators.
=856  40$uhttp://hdl.handle.net/2333.1/vhhmgqzf
=853  00$81$apt.
=863  50$81.1$a1$p31142045977462
=863  50$81.2$a2$p31142045977470
=863  50$81.3$a3$p31142045977488
=954  \\$81$aVolumes

