=LDR  05965cgm a22009135a 4500
=001  000512639
=003  NNU
=004  NYUb13501136
=005  20080408153253.0
=006  m\\\\\\\\z\\\\\\\\
=007  vd\cvaizu
=007  vf\ciahou
=007  cr\cna
=007  vd\cvaizu
=007  cr\|||||||||||
=008  070531e19950604nyu067\\\\\\\\\\\\vleng\d
=024  7\$aHI2007_001_01$2nyu-hidvl
=024  7\$aHI2007_002_01$2nyu-hidvl
=024  7\$aHI2007.001_01$2nyu-hidvl
=024  7\$aHI2007.002_01$2nyu-hidvl
=035  \\$a(NYU)NYUb13501136
=040  \\$aNNU$cNNU$eamim
=043  \\$an-us-ny
=245  00$aNY$h[videorecording] :$bground under II.
=246  30$aGround under II
=246  3\$aNew York :$bground under II
=260  \\$c1995 June 4.
=300  \\$3master.$a2 videocassettes of 2 (Digital Betacam) (67 min.) :$bsd., col. ;$c1/2 in.
=300  \\$3viewing copy.$a2 videodiscs of 2 (DVD) (67 min. : pt.1, 63 min. ; pt.2, 4 min.) :$bsd., col. ;$c4 3/4 in.
=490  1\$aCircus Amok collection
=530  \\$aAlso available online as streaming video.
=500  \\$aTitle supplied by Hemispheric Institute.
=500  \\$aPart of the Hemispheric Institute Digital Video Library.
=534  \\$pMedia source original:$e2 videocassettes of 2 (Mini DV) : sd., col. ; 1/4 in. SP.$mPanasonic DVM60.
=518  \\$aPerformed in Tompkins Square Park, New York City, on June 4, 1995.
=508  \\$aCircus Amok, producer ; Jennifer Miller, producer, director ; Jenny Romaine, music director ; Terri Dame, composer ; Sarah Schulman, Dominique Dibbel, Jenny Romaine, text ; Alessandra Nichols, Scotty Heron, design ; Karen Sherman, tech director ; Roderick Murray, tech consultant ; Sarah Johnson, liaison to bureaucracy.
=511  1\$aJennifer Miller ; Sarah Johnson ; Cathy Weis ; Scotty Heron ; Roderick Murray ; Jan Belle Newman ; Salley May ; Tanya Gagnè ; Jenny Romaine, musician ; Terri Dame, musician ; Steve Berman, musician ; Henry Hemple, musician ; Bob Morris, musician ; Roberto Rossi, musician ; Mark Sussman, musician ; DD Dorvillier, roustabout ; Eliza Schuarz, roustabout.
=520  \\$aVideo documentation of Circus Amoks show, NY: Ground Under II, performed in 1995 in diverse NYC parks, squares and other public spaces. The piece revolves around political, social and economic issues at play in New York City, while posing a critique of the disconnect between the needs of the diverse, multitudinous population of NYC vis-à-vis oppressive governmental policies impacting the city. Skits include a 'short history of NY', highlighting the geopolitical diversity of the city, along with scenes alluding to controversial budget cuts, public transportation campaigns, etc. Satires of Republican political figures like Newt Gingrich (58th Speaker of the U.S. House of Representatives), George Pataki (53rd Governor of New York), and Rudy Giuliani (Mayor of NYC at the time) place the piece in the context of contemporary issues affecting the citizens of NYC, exposing controversial policies while educating and entertaining the audience in a joyful extravaganza of acrobatic artistry, satiric skill, and good old-fashioned circus fun. Circus Amok (www.circusamok.org) is a New York City based circus-theater company whose mission is to provide free public art addressing contemporary issues of social justice to the people of New York City. Directed and founded by Jennifer Miller, the group has been together since 1989 bringing its funny, queer, caustic and sexy, political one-ring spectacles to diverse neighborhoods throughout the city. Over the years the traditional circus skills - tight rope walking, juggling, acrobatics, stilt walking, clowning- have been combined with experimental dance, lifesize puppetry, music old and new, and gender-bending performance art and improvisational techniques, creating new meanings for circus while continuing to entertain the crowds of all ages throughout the city streets, gardens, parks, and playgrounds, inviting the audience to join them in envisioning a more empowered life of community interaction while enjoying a queer celebratory spectacle.
=540  \\$aThere are copyright restrictions on this collection. For more information, go to the online version of this video.
=650  \0$aCircus$zNew York (State)$zNew York.
=650  \0$aStreet theater$zNew York (State)$zNew York.
=650  \0$aGay theater$zNew York (State)$zNew York.
=650  \0$aSocial justice$zNew York (State)$zNew York.
=651  \0$aNew York (N.Y.)$xHistory$y20th century.
=651  \0$aNew York (N.Y.)$xPolitics and government$y20th century.
=653  \\$aPolitical performance
=653  \\$aNew York City history and culture
=655  \7$aPerformance.$2nyu-hidvl
=655  \7$aCircus.$2nyu-hidvl
=655  \7$aStreet theater.$2nyu-hidvl
=655  \7$aPolitical performance.$2nyu-hidvl
=655  \7$aQueer performance.$2nyu-hidvl
=700  1\$aMiller, Jennifer,$d1961-$4pro$4drt$4prf
=700  1\$aSchulman, Sarah.
=700  1\$aJohnson, Sarah.$4prf
=700  1\$aWeis, Cathy.$4prf
=700  1\$aHeron, Scotty.$4prf
=700  1\$aMurray, Roderick.$4prf
=700  1\$aNewman, Jan Belle.$4prf
=700  1\$aMay, Salley.$4prf
=700  1\$aGagné, Tanya.$4prf
=700  1\$aRomaine, Jenny.$4mus$4drt
=700  1\$aDame, Terry.$4mus$4cmp
=700  1\$aBerman, Steve.$4mus
=700  1\$aHemple, Henry.$4mus
=700  1\$aMorris, Bob.$4mus
=700  1\$aRossi, Roberto.$4mus
=700  1\$aSussman, Mark.$4mus
=710  2\$aCircus Amok.$4pro
=710  2\$aHemispheric Institute Digital Video Library.
=830  \0$aCircus Amok collection.
=853  00$81$apt.
=863  50$81.1$a1$p31142045843755
=863  50$81.2$a2$p31142045843763
=856  40$uhttp://hdl.handle.net/2333.1/rbnzs7tg

