=LDR  04400cgm a22007215a 4500
=001  000515335
=003  NNU
=004  NYUb13504252
=005  20140421144205.0
=006  m\\\\\\\\z\\\\\\\\
=007  vd\cvaizu
=007  vf\ciahou
=007  cr\cna
=007  cr\|||||||||||
=007  \\vd
=008  070612e19950511nyu092\\\\\\\\\\\\vleng\d
=024  7\$aHI2007_040_A_01$2nyu-hidvl
=024  7\$aHI2007_040_B_01$2nyu-hidvl
=024  7\$aHI2007.040_01_A$2nyu-hidvl
=035  \\$a(NYU)NYUb13504252
=040  \\$aNNU$cNNU$eamim
=245  00$aLust and comfort$h[videorecording].
=260  \\$c1995 May 11.
=300  \\$3master.$a2 videocassettes of 2 (Digital Betacam) (92 min.) :$bsd., col. ;$c1/2 in.
=300  \\$3viewing copy.$a2 videodiscs of 2 (DVD) (92 min. : pt.A, 73 min. ; pt.B, 19 min.) :$bsd., col. ;$c4 3/4 in.
=490  1\$aSplit Britches video collection
=530  \\$aAlso available online as streaming video.
=500  \\$aTitle supplied by Hemispheric Institute.
=500  \\$aPart of the Hemispheric Institute Digital Video Library.
=534  \\$pMedia source original:$e1 videocassette of 1 (VHS) : sd., col. ; 1/2 in. SP.$mMaxell T-120.
=518  \\$aPerformed at La Mama Experimental Theatre Club, New York City, on May 11, 1995.
=508  \\$aSplit Britches, producer ; James Neale-Kennerley, director, writer ; Lois Weaver, Peggy Shaw, writers ; La Mama Archive Collection, video.
=511  1\$aLois Weaver, Peggy Shaw.
=520  \\$aSince 1981, the Split Britches Company (founded by Lois Weaver, Peggy Shaw, and Deb Margolin, www.splitbritches.com) has written and performed in trio, duet, and solo, as well as collaborated and performed with other artists. They describe their work in this way: 'Our work is rooted in popular culture, but positioned against it. It relies on moments rather than plot, relationships rather than story. It depends on the surprise of transformation rather than the logic of psychological narrative. It straddles the line between performance and theater, exploiting theatricality while exposing the pretense. It is about a community of outsiders, queers, eccentrics. It is feminist because it encourages the imaginative potential in everyone and lesbian because it takes the presence of lesbian on stage as a given.' Their vaudevillian satirical gender-bending performances have received numerous awards, including a Jane Chamber award and four Village Voice OBIE awards. Their collection of scripts, 'Split Britches Feminist Performance/Lesbian Practice', edited by Sue Ellen Case, won the 1997 Lambda Literary Award for Drama. This video documents 'Lust and Comfort', a theater piece written by Peggy Shaw, Lois Weaver and James Neale Kennerely and performed by Peggy Shaw and Lois Weaver. 'Lust and Comfort' uses three story lines to examine the ups and downs of a long term relationship and the changing terrain of sexual desire. Using cross-dressing characters and movie references to 'The Servant' and 'The Bitter Tears of Petra Von Kant,' Shaw and Weaver address how lesbians invent their lives out of popular heterosexual cultural references.
=540  \\$aThere are copyright restrictions on this collection. For more information, go to the online version of this video.
=650  \0$aLesbian theater.
=650  \0$aFeminist theater.
=650  \0$aLesbian couples$vDrama.
=650  \0$aDesire.
=650  \0$aLesbianism.
=655  \7$aPerformance.$2nyu-hidvl
=655  \7$aTheater.$2nyu-hidvl
=655  \7$aLesbian theater.$2nyu-hidvl
=655  \7$aFeminist theater.$2nyu-hidvl
=655  \7$aPerformances (entertainment events).$2aat
=655  \7$aPerformance art.$2aat
=655  \7$aTheater (discipline).$2aat
=700  1\$aNeale-Kennerley, James.$4drt$4aut
=700  1\$aWeaver, Lois.$4aut$4prf
=700  1\$aShaw, Peggy.$4aut$4prf
=710  2\$aSplit Britches (Theatre company)$4pro
=710  2\$aLa Mama Experimental Theatre Club.
=710  2\$aHemispheric Institute Digital Video Library.
=830  \0$aSplit Britches video collection.
=856  40$uhttp://hdl.handle.net/2333.1/q83bk3vj
=853  00$81$apt.
=863  50$81.1$aA$p31142045845644
=863  50$81.2$aB$p31142045845651
=954  \\$81$aVolumes

