=LDR  04457cgm  2200673 a 4500
=001  000561747
=003  NNU
=004  NYUb13554601
=005  20080408163448.0
=006  m\\\\\\\\z\\\\\\\\
=007  vd\cvaizu
=007  vf\ciahou
=007  cr\cna
=007  cr\|||||||||||
=008  071115e19950428nyu033\\\\\\\\\\\\vleng\d
=024  7\$aHI2005_025_01$2nyu-hidvl
=024  7\$aHI2005.025_01$2nyu-hidvl
=035  \\$a(NYU)NYUb13554601
=040  \\$aNNU$cNNU$eamim
=245  00$aGohmaaz$h[videorecording].
=246  33$aAmanda Old Crow :$bGohmaaz
=260  \\$c1998 Apr. 28.
=300  \\$a1 videocassette of 1 (Digital Betacam) (33 min.) :$bsd., col. ;$c1/2 in.$3master.
=300  \\$a1 videodisc of 1 (DVD) (33 min.) :$bsd., col. ;$c4 3/4 in.$3viewing copy.
=490  1\$aAmerican Indian Community House collection
=530  \\$aAlso available online as streaming video.
=500  \\$aTitle supplied by Hemispheric Institute.
=500  \\$aPart of the Hemispheric Institute Digital Video Library.
=534  \\$pMedia source original:$e1 videocassette of 1 (VHS) : analog sd., col. ; 1/2 in.
=518  \\$aPerformed at The American Indian Community House, New York City, on Apr. 28, 1998.
=508  \\$aAmerican Indian Community House, producer; Amanda Old Crow, creator.
=511  1\$aAmanda Old Crow.
=520  \\$aAmanda Old Crow as Gohmaaz provides comedic relief for GONA (Gathering of Native Americans) participants. GONA (Gathering of Native Americans) is a culturally specific guide for community healing and wellness. The four-day gathering provides a safe place the community to share, heal, and develop a plan of action for change and empowerment. The GONA offers hope, encouragement, and a positive basis for Native community action. Native communities are provided with a framework to examine historical trauma and its impact on substance abuse issues and a prevention framework based on values inherent in traditional Native cultures. The American Indian Community House (AICH) is an urban Indian center that services the needs of the Native people living in New York City and welcomes Native visitors to the city. AICH was founded in 1969 and has become a de facto neighborhood serving as a meeting place for the diverse Native community of the New York City area. The Community House offers a variety of services ranging from substance abuse and HIV counseling, to career assistance. It is also home to the only Indian owned and operated art gallery in New York City. The AICHs Performing Arts Department has become an important resource for Native visual and performance artists. Through its programming, performance has become an important educational vehicle, both for the Native and non-Native NY community. The Badger's Corner, initiated in the 1980s, is an education-via-entertainment vehicle for the AICHs visual and performing arts department programs. Taking its name from the Pueblo legend of the four-legged creature who led the Pueblo people out of the underworld after the great flood, the intent of its programming is to inform and challenge people to rethink their concept(s) of Native American people and customs. All performances at AICH are presented under the auspices of the Badgers Corner.
=540  \\$aThere are copyright restrictions on this collection. For more information, go to the online version of this video.
=655  \0$aWit and humor.
=650  \0$aIndians.
=650  \0$aCommunities.
=650  \0$aCommunity organization.
=650  \0$aCommunity life.
=650  \0$aCommunity power.
=650  \0$aHealing.
=650  \0$aIndian theater.
=650  \0$aWomen performance artists.
=653  \\$aAmerican Indian humor
=655  \7$aPerformance.$2nyu-hidvl
=655  \7$aOne-person shows (Performing arts).$2nyu-hidvl
=655  \7$aComedy.$2nyu-hidvl
=655  \7$aAmerican Indian humor.$2nyu-hidvl
=655  \7$aAmerican Indian performance.$2nyu-hidvl
=700  1\$aOld Crow, Amanda.$4cre$4prf
=710  2\$aGathering of Native Americans.
=710  2\$aAmerican Indian Community House (New York, N.Y.)$4pro
=710  2\$aHemispheric Institute Digital Video Library.
=830  \0$aAmerican Indian Community House collection.
=856  40$uhttp://hdl.handle.net/2333.1/hmgqnkk0

