=LDR  05186cgm a2200721 a 4500
=001  000563609
=003  NNU
=004  NYUb13556662
=005  20140421142639.0
=006  m\\\\\\\\z\\\\\\\\
=007  vd\cvaizu
=007  vf\ciahou
=007  cr\cna
=007  \\vd
=007  cr\|||||||||||
=008  071121e19950421nyu096\\\\\\\\\\\\vleng\d
=024  7\$aHI2005_045_A_01$2nyu-hidvl
=024  7\$aHI2005_045_B_01$2nyu-hidvl
=024  7\$aHI2005.045_01_A$2nyu-hidvl
=035  \\$a(NYU)NYUb13556662
=040  \\$aNNU$cNNU$eamim
=043  \\$an-us-ny
=245  00$aIroquois social$h[videorecording]
=260  \\$c1995 Apr. 21.
=300  \\$3master.$a2 videocassettes of 2 (Digital Betacam) (96 min.) :$bsd., col. ;$c1/2 in.
=300  \\$3viewing copy.$a2 videodiscs of 2 (DVD) (96 min. : pt.A, 88 min. ; pt.B, 8 min.) :$bsd., col. ;$c4 3/4 in.
=490  1\$aAmerican Indian Community House collection
=530  \\$aAlso available online as streaming video.
=500  \\$aTitle supplied by Hemispheric Institute.
=500  \\$aPart of the Hemispheric Institute Digital Video Library.
=534  \\$pMedia source original:$e1 videocassette of 1 (VHS) : analog sd., col. ; 1/2 in.
=518  \\$aHeld at The American Indian Community House, New York City, on Apr. 21, 1995.
=508  \\$aAmerican Indian Community House, producer ; Tom Porter, creator ; Akwesasne Mohawk Singers, creators ; Tom Porter (Akwesasne Mohawk), host/narrator.
=511  0\$aAkwesasne Mohawk Singers, performers.
=520  \\$aTom Porter (Akwesasne Mohawk) hosts an Iroquois social at the American Indian Community House (AICH). The Akwesasne Mohawk Singers perform stomp dances, round dances, women's dances and couple's dances and their accompanying songs. The round dance shown here is an Iroquois social dance, which can be done both inside and outside the traditional longhouse. Tom Porter (Sakokwenionkwas, The One Who Wins) is the spokesman and Chief Spiritual Leader of the Mohawk Community of Kanatsiohareke (Ga na jó ha lay: gay) in Fonda, New York. A member of the Bear Clan, he was raised as part of the Akwesasne Mohawk Nation in upstate New York. Mr. Porter acted as Bear Clan Chief in the traditional longhouse movement, opposite the state-sanctioned Tribal Council. He has served numerous positions on the Mohawk Nation of Chiefs Council for over 25 years. The Akwesasne Mohawk Singers are among the foremost performers of Iroquois traditions in North America today. 
=520  \\$aThey live on their ancestral land along the St. Lawrence River where northern New York meets southern Ontario and Quebec. The American Indian Community House (AICH) is an urban Indian center that services the needs of the Native people living in New York City and welcomes Native visitors to the city. AICH was founded in 1969 and has become a de facto neighborhood serving as a meeting place for the diverse Native community of the New York City area. The Community House offers a variety of services ranging from substance abuse and HIV counseling, to career assistance. It is also home to the only Indian owned and operated art gallery in New York City. The AICHs Performing Arts Department has become an important resource for Native visual and performance artists. Through its programming, performance has become an important educational vehicle, both for the Native and non-Native NY community.   
=520  \\$aThe Badger's Corner, initiated in the 1980s, is an education-via-entertainment vehicle for the AICHs visual and performing arts department programs. Taking its name from the Pueblo legend of the four-legged creature who led the Pueblo people out of the underworld after the great flood, the intent of its programming is to inform and challenge people to rethink their concept(s) of Native American people and customs. All performances at AICH are presented under the auspices of the Badgers Corner.  
=540  \\$aThere are copyright restrictions on this collection. For more information, go to the online version of this video.
=650  \0$aIroquois dance.
=650  \0$aIroquois Indians$vMusic.
=650  \0$aIroquois Indians$xSocial life and customs.
=650  \0$aIroquois Indians.
=650  \0$aIndians of North America$zNew York (State).
=653  \\$aAkwesasne Mohawk
=655  \7$aPerformance.$2nyu-hidvl
=655  \7$aNative community social.$2nyu-hidvl
=655  \7$aIroquois social dance.$2nyu-hidvl
=655  \7$aTraditional Iroquois songs.$2nyu-hidvl
=655  \7$aAkwesasne Mohawk performances.$2nyu-hidvl
=700  1\$aPorter, Tom.$4cre$4nrt$4hst
=710  2\$aAkwesasne Mohawk Singers.$4cre$4prf
=710  2\$aAmerican Indian Community House (New York, N.Y.)$4pro
=710  2\$aHemispheric Institute Digital Video Library.
=830  \0$aAmerican Indian Community House collection.
=853  00$81$apt.
=863  50$81.1$aA$p31142046122753
=863  50$81.2$aB$p31142046122746
=856  40$uhttp://hdl.handle.net/2333.1/2fqz6185
=954  \\$81$aVolumes

