=LDR  05751cgm a2200613 a 4500
=001  000516203
=003  NNU
=004  NYUb13505206
=005  20080205122030.0
=006  m\\\\\\\\z\\\\\\\\
=007  vd\cvaizu
=007  vf\ciahou
=007  cr\cna
=007  cr\|||||||||||
=008  070613s1995\\\\mx\056\\\\\\\\\\\\vlspa\d
=024  7\$aHI2006_039_01$2nyu-hidvl
=024  7\$aHI2006.039_01$2nyu-hidvl
=035  \\$a(NYU)NYUb13505206
=040  \\$aNNU$cNNU$eamim
=043  \\$an-mx---
=245  00$a5to aniversario de El Hábito$h[videorecording].
=246  31$a5th anniversary of El Hábito
=246  3\$aHábito :$b5th anniversary
=260  \\$c1995.
=300  \\$3master.$a1 videocassette of 1 (Digital Betacam) (56 min.) :$bsd., col. ;$c1/2 in.
=300  \\$3viewing copy.$a1 videodisc of 1 (DVD) (56 min.) :$bsd., col. ;$c4 3/4 in.
=490  1\$aEl Hábito collection
=530  \\$aAlso available online as streaming video.
=546  \\$aIn Spanish.
=500  \\$aTitle supplied by Hemispheric Institute.
=500  \\$aPart of the Hemispheric Institute Digital Video Library.
=534  \\$pMedia source original:$e1 videocassette of 1 (VHS) : sd., col. ; 1/2 in. SP.$mMaxell T-120 HF.
=518  \\$aPerformed at Teatro Bar El Hábito, Mexico City, Mexico, in 1995.
=508  \\$aJesusa Rodríguez, writer, producer, director ; Liliana Felipe, producer, music.
=511  1\$aJesusa Rodríguez, protagonist, voice-over ; Liliana Felipe, protagonist.
=520  \\$aVideo documentary celebrating the 5th anniversary of Teatro-Bar El Hábito. Its founders, Jesusa Rodríguez and Liliana Felipe, created this queer 'mockumentary' as a parodic pseudo-ethnographic study of their renowned venue in Mexico City. Tracing its roots to the tradition of German cabaret and analyzing the queer nuances of their creative work, the 'Patronas' thread footage from memorable performances performed at El Hábito: 'El Primer Fracaso,' 'Cachirulo para Adultos,' 'Homenaje a Cri-Cri,' and 'Juicio a Salinas,' to name just a few. The ongoing voice-over commentary mocks the ultra-conservative view many Mexicans have of Rodríguez & Felipe's ground-breaking work, considered a 'perverse' influence on Catholic, right-wing conservative values and traditions. This retrospective is a testimony both to the trajectory and prolific work of Rodríguez and Felipe, and to the kind of space El Hábito is: a hotbed for intellectuals, feminists, gay rights activists and open-minded, progressive people who want to be engaged by a smart and critical humor. Mexican director, actress, playwright, performance artist, scenographer, entrepreneur, and social activist Jesusa Rodríguez has been called the most important woman of Mexico. Often referred to as a 'chameleon,' Rodríguez moves seemingly effortlessly and with vigor across the spectrum of cultural forms, styles, and tones. Her 'espectáculos' (as both spectacles and shows) challenge traditional classification, crossing with ease generic boundaries: from elite to popular to mass, from Greek tragedy to cabaret, from pre-Columbian indigenous to opera, from revue, sketch and 'carpa,' to performative acts within political projects. Humor, satire, linguistic play, and the body are constants in her productions. She seeks to render corporal and, thus, visible, the tensions between the discourses in operation on and through the individual and collective body. Rodriguez's energy is intense and her commitment non-negotiable, always interrogating the nature, site, and consequences of power and its representation. Liliana Felipe, one of Latin America's foremost singers and composers, was born in Argentina in the 1950s. She left for Mexico just before the outbreak of the 'Dirty War' (1976), but her sister and brother-in-law were both 'disappeared'--victims of the military dictatorship's criminal politics. Liliana's music has a wide following in Latin America. She continues to be a powerful presence in Argentina, working with human rights organizations--especially H.I.J.O.S. (the organization of the children of the disappeared). In Mexico, Liliana went to one of Jesusa Rodríguez's performances. Jesusa, catching a glimpse of Felipe in the audience, remembers saying to herself: 'I am going to die with that woman.' Since then, Liliana and Jesusa have created two performance spaces, El Cuervo and later El Hábito in Coyoacán, Mexico City, that they still run. They 'married' in February 2000. El Hábito (www.elhabito.com.mx) is a hotbed for intellectuals, feminists, gay rights activists and open-minded, progressive people who want to be engaged by a smart and critical humor. In this off-off space, and with the collaboration of their theater cooperative Las Divas, Jesusa y Liliana have produced hundreds of shows since the 1980s.
=540  \\$aThere are copyright restrictions on this collection. For more information, go to the online version of this video.
=610  20$aTeatro Bar el Hábito$xHistory.
=650  \0$aMusic-halls (Variety-theaters, cabarets, etc.)$zMexico.
=650  \0$aPerformance art$zMexico.
=653  \\$aPolitical performance
=653  \\$aCabaret
=655  \7$aDocumentary.$2nyu-hidvl
=655  \7$aVideo art.$2nyu-hidvl
=655  \7$aMockumentary.$2nyu-hidvl
=700  1\$aRodríguez, Jesusa.$4aut$4pro$4drt$4prf
=700  1\$aFelipe, Liliana.$4pro$4mus$4prf
=710  2\$aHemispheric Institute Digital Video Library.
=830  \0$aJesusa Rodríguez & Liliana Felipe : El Hábito collection.
=856  40$uhttp://hdl.handle.net/2333.1/4b8gtj18

