=LDR  05040cgm a2200673 a 4500
=001  000560160
=003  NNU
=004  NYUb13552961
=005  20071210173435.0
=006  m\\\\\\\\z\\\\\\\\
=007  vd\cvaizu
=007  vf\ciahou
=007  cr\cna
=007  cr\|||||||||||
=008  071113s1995\\\\pe\073\\\\\\\\\\\\vlspa\d
=024  7\$aHI2005_098_01$2nyu-hidvl
=024  7\$aHI2005.098_01$2nyu-hidvl
=040  \\$aNNU$cNNU$eamim
=043  \\$as-pe---
=245  00$aSerenata$h[videorecording]
=246  31$aSerenade
=260  \\$c1995.
=300  \\$3master.$a1 videocassette of 1 (Digital Betacam) (73min.) :$bsd., col. ;$c1/2 in.
=300  \\$3viewing copy.$a1 videodisc of 1 (DVD) (73 min.) :$bsd., col. ;$c4 3/4 in.
=490  1\$aYuyachkani collection
=530  \\$aAlso available online as streaming video.
=546  \\$aIn Spanish.
=500  \\$aTitle supplied by Hemispheric Institute.
=500  \\$aPart of the Hemispheric Institute Digital Video Library.
=534  \\$pMedia source original:$e1 videocassette of 1 (Betacam SP) : sd., col. ; 1/2 in. SP.$mSony Betacam SP BCT-90MLA.
=518  \\$aPerformed in Lima, Peru, in 1995.
=508  \\$aGrupo Cultural Yuyachkani, collective creation ; based on texts by Vasko Popa, Rafael Cárdenas, Manuel Scorza, Eduardo Galeano & Miguel Rubio Zapata ; Miguel Rubio, director ; Grupo Cultural Yuyachkani, producer ; Socorro Naveda, producer ; Mariano Marquez, lighting design.
=511  1\$aRebeca Ralli, Julián Vargas.
=520  \\$aCollective theater creation by Peruvian Grupo Cultural Yuyahckani, based on texts by Latin American and Peruvian writers who have written poetically about love and human relationshipssuch as Rafael Cárdenas (Venezuela), Eduardo Galeano (Uruguay), and Manuel Scorza (Peru). The play is weaved around two words: Love and Utopia--be it the Utopia of Love or the Love for Utopia. A long-time couple kills time by putting themselves in extreme situations in order to overcome boredom and safeguard their love. They leave home and wander from run-down hotel to run-down hotel, confronting every day as if it was their very first. This piece is an exploration on the world of romantic couples, an investigation on love, encounters and disencounters, communication and miscommunication, presence and absence. Far from portraying a linear storyline, it shows a broad spectrum of sensations and relationships for and with the spectators, so that it is them who ultimately piece together the elements at play through the lens of their own experiences and references regarding love, human relations, solitude, solidarity, disenchantment and hope. Perus most important theater collective, Grupo Cultural Yuyachkani (www.yuyachkani.org) has been working since 1971 at the forefront of theatrical experimentation, political performance, and collective creation. Yuyachkani is a Quechua word that means I am thinking, I am remembering; under this name, the theater group has devoted itself to the collective exploration of embodied social memory, particularly in relation to questions of ethnicity, violence, and memory in Peru. The group is comprised of seven actors (Augusto Casafranca, Amiel Cayo, Ana Correa, Débora Correa, Rebeca Ralli, Teresa Ralli, and Julián Vargas), a technical designer (Fidel Melquíades), and an artistic director (Miguel Rubio), who have made a commitment to collective creation as a mode of theatrical production and to group theater as a life style. Their work has been among the most important in Latin Americas so called New Popular Theater, with a strong commitment to grass-roots community issues, mobilization, and advocacy. Yuyachkani won Perus National Human Rights Award in 2000. Known for its creative embrace of both indigenous performance forms as well as cosmopolitan theatrical forms, Yuyachkani offers insight into Peruvian and Latin American theater, and to broader issues of postcolonial social aesthetics.
=540  \\$aThere are copyright restrictions on this collection. For more information, go to the online version of this video.
=650  \0$aLove.
=650  \0$aUtopias.
=650  \0$aCouples.
=650  \0$aInterpersonal relations.
=650  \0$aInterpersonal communication.
=650  \0$aTheater$zPeru.
=650  \0$aExperimental theater$zPeru.
=653  \\$aPerformance and politics
=655  \7$aPerformance.$2nyu-hidvl
=655  \7$aTheater.$2nyu-hidvl
=655  \7$aExperimental theater.$2nyu-hidvl
=655  \7$aPeruvian theater.$2nyu-hidvl
=700  1\$aRubio, Miguel.$4drt
=700  1\$aRalli, Rebeca.$4prf
=700  1\$aVargas, Julián.$4prf
=710  2\$aGrupo Cultural Yuyachkani.
=710  2\$aHemispheric Institute Digital Video Library.
=830  \0$aYuyachkani collection.
=856  40$uhttp://hdl.handle.net/2333.1/b2rbp01t

