=LDR  07319cgm  2200733 a 4500
=001  000033694
=003  NNU
=004  NYUb13611625
=005  20140421145730.0
=006  m\\\\\\\\z\\\\\\\\
=007  vd\cvaizu
=007  vf\ciahou
=007  cr\cna
=007  cr\|||||||||||
=007  vd\cvaizu
=008  080507e199510uuxx\171\\\\\\\\\\\\vlchi\d
=024  7\$aHI2007_256_01$2nyu-hidvl
=024  7\$aHI2007_257_A_01$2nyu-hidvl
=024  7\$aHI2007_257_B_01$2nyu-hidvl
=024  7\$aHI2007.256_01$2nyu-hidvl
=024  7\$aHI2007.257_01_A$2nyu-hidvl
=024  7\$aHI2007.257_01_B$2nyu-hidvl
=035  \\$a(NYU)NYUb13611625
=040  \\$aNNU$cNNU$eamim
=041  0\$achi
=079  \\$a(OCoLC)878606342
=245  00$aOresteia$h[videorecording].
=260  \\$c1995 Oct.
=300  \\$a3 videodiscs of 3 (DVD) (171 min.: pt.1, 72 min. ; pt.2A, 59 min. ; pt.2B, 40 min.) :$bsd., col. ;$c4 3/4 in.$3viewing copy.
=300  \\$a3 videocassettes of 3 (Digital Betacam) (171 min.) :$bsd., col. ;$c1/2 in.$3master.
=490  1\$aRichard Schechner's Productions collection
=530  \\$aAlso available online as streaming video.
=546  \\$aIn Mandarin.
=500  \\$aTitle supplied by Hemispheric Institute.
=500  \\$aPart of the Hemispheric Institute Digital Video Library.
=534  \\$pMedia source original:$e2 videocassettes of 2 (VHS) : sd., col. ; 1/2 in. SP.$mSuper Dynamic.
=518  \\$aPerformed at the Contemporary Legend Theatre, Da-An Forest Park, Taipei, Taiwan, in October 1995.
=508  \\$aSchechner, Richard producer ; Contemporary Legend Theatre, producer ; Wu Hising-Kuo, producer ; Lin Hsiu-Wei, producer ; Huang Tsuei-Chin, executive producer ; Schechner, Richard, director ; Wu Hsing-Kuo, artistic director ; Lin Hsiu-Wei, choreographer ; Aeschylus, based on classic text by ; Mingder, Chung, Chinese translation by ; Schechner, Richard, English adaptation by ; Li Guangbo, Jingju composer ; Chen, Young, modern composer ; Jyi Wu Jing, artistic adviser ; Mingder, Chung, artistic adviser ; Liao Jin-Lin, music coordinator ; Lee Hsiao-Pin, assistant director ; Chou Huling, director's assistant & interpreter ; Council for Cultural Affairs and City Government of Taipei, supported in part by ; Wang Kwan-Chiang, rehearsal master ; Xiah Yung-Chuan, lyric polishing ; Yung Shu-Wen, stage manager ; Muller, Chris, set designer ; Tin Yip Kan, costume designer ; Sung Ssu-Ying, costume production ; Hung Tzu-Ming, costume production ; Lee An-Jung, costume production ; Tsai Pei-Lun, costume production ; Lee Hung-Yao, costume production ; Lu Li-Chin, costume production ; Ma Shu-Chuan, wardrobe supervisor ; Lu Li-Chin, make-up ; Lin Shu-Ling, make-up ; Wong, Andy, hair & wig designer ; Chang Ho-Chin, props designer ; M. Chien Lee-Zen, lighting ; Ly Wen, sound equipment ; High-Tech Workshop, sound equipment ; Ly Wen, tech support ; High-Tech Workshop, tech support ; Hwang-Shan Landscape Design Co., set & props construction ; Wang, Cynthia, marketing associate ; Chen Hsiu-Chuan, public relations ; Hsie Chun-Te, photographer ; Tsai, David, photographer ; Amos C.H. Liu, graphic designer.
=511  1\$aWei Hai-Ming (Clytemnestra), performer ; Wu Hsing-Kuo (Agamemnon, Orestes), performer ; Ma Pao-Shan (Aegisthus), performer ; Wang Yueh-Hisin (Cassandra, Fury), performer ; Chin Shu-Shuan (Electra, Chorus), performer ; Lee Hsiao-Pin (Apollo, Western Boy), performer ; Liu Fu-Hseuh (Nurse, Watchman), performer ; Peng Hsiang-Shih (Athene), performer ; Wang Kwan-Chiang (Pylades, Chorus), performer ; Chen Chin-Ho (Herald, Guard, Fury), performer ; Liu Hsi-Jung (Herald, Guard, Fury), performer ; Lo Shen-Chen (Pythia, Chorus), performer ; Chang Chi-Ming (Chorus), performer ; Tan Kwan-Chi (Chorus), performer ; Tu Pei-Chun (Chorus, Fury), performer ; Chang Ching-Ping (Chorus, Guard, Fury), perfomer ; Chien Shen (Chorus), performer ; Chao Chia-Chi (Chorus), performer ; Wang I-Ciao (Guard), performer.
=520  \\$aAll three plays of 'The Oresteia' in one 3-hour performance were staged in a converted bandshell in the Da'An Forest Park at the center of Taipei. The bandshell was completely made over into a circular orchestra and skene. More than 2,500 spectators sat on the hillside. Some of the action took place among them - for example, Agamemnon makes his triumphal entry after the victory at Troy by being pulled in a chariot across the crest of the hill through the crowds of spectators. The doomed warrior-king, greeted by his regal wife Clytemnestra, steps onto a 75' long strip of purple cloth. As Agamemnon disappears into the palace, Cassandra, in the back of the chariot howls her despairing prophecy. In the second act, 'The Libation Bearers,' Orestes arrives at his father's tomb, set far up on the hillside. During the third act, 'The Eumenides,' the Furies pursue Orestes through the audience. 
=520  \\$aThe production is in jingju (classical 'Beijing Opera') with its distinct singing styles (accompanied by a full Chinese orchestra), costumes, and staging. But there are also surprising interruptions of post-modernity. The leading performers - Wu Hsing-kuo and Wei Hai-min are Taiwan's leading classical Chinese actors. The play is performed in Mandarin with portions in older kinds of Chinese particular to jingju. There are some lines in Taiwanese as a character in modern dress explains the story to the Taiwanese-speaking audience. Richard Schechner is a theater director, performance theorist and university professor known for being one of the founders of the academic discipline of Performance Studies at Tisch School of the Arts, New York University. Schechner combines his work in anthropology with innovative approaches to performance of all kinds including ritual, drama, environmental theater, political rallies, dance, music, etc.   
=520  \\$ain order to consider how performance can be understood not just as an object of study, but also as an active intellectual-artistic practice. He is the editor of 'TDR: The Journal of Performance Studies.' His books include 'Environmental Theater,' 'The Future of Ritual,' 'Performance Theory,' 'Between Theater and Anthropology' and 'Performance Studies: An Introduction.' As of 2007, his books have been translated into 14 languages.  
=540  \\$aThere are copyright restrictions on this collection. For more information, go to the online version of this video.
=600  00$aAeschylus.$tOresteia$vAdaptations.
=650  \0$aTheater$zTaiwan.
=650  \0$aOperas, Chinese.
=655  \7$aPerformance.$2nyu-hidvl
=655  \7$aTheater.$2nyu-hidvl
=655  \7$aExperimental theater.$2nyu-hidvl
=655  \7$aIntercultural theater.$2nyu-hidvl
=655  \7$aChinese opera.$2nyu-hidvl
=700  1\$aSchechner, Richard,$d1934-$4pro$4drt$4adp
=710  2\$aContemporary Legend Theatre.$4pro
=710  2\$aHemispheric Institute Digital Video Library.
=830  \0$aRichard Schechner's Productions collection
=856  40$uhttp://hdl.handle.net/2333.1/gmsbcc9t
=853  00$81$apt.
=863  50$81.1$a1$p31142047316305
=863  50$81.2$a2A$p31142047316313
=863  50$81.3$a2B$p31142047316321

