=LDR  05572cgm a2200649 a 4500
=001  000033891
=003  NNU
=005  20100208140822.0
=006  m\\\\\\\\z\\\\\\\\
=007  vd\cvaizu
=007  vf\ciahou
=007  cr\cna|||||||a
=007  cr\|||||||||||
=007  vd\cvaizu
=008  080417s1995\\\\ec\016\\\\\\\\\\\\vlspa\d
=024  7\$aHI2007_210_03$2nyu-hidvl
=024  7\$aHI2007.210_03$2nyu-hidvl
=035  \\$a(NYU)NYUb13605784
=040  \\$aNNU$cNNU$eamim
=041  0\$aspa
=043  \\$as-ec---
=245  00$aPluma y la tempestad$h[videorecording].
=246  3\$aImágenes de 'Pluma y la tempestad'
=246  3\$aPluma y la tempestad (video excerpts)
=260  \\$c1995.
=300  \\$3viewing copy.$a1 videodisc of 1 (DVD) (16 min.) :$bsd., col. ;$c4 3/4 in.
=300  \\$3master.$a1 videocassette of 1 (Digital Betacam) (16 min.) :$bsd., col. ;$c1/2 in.
=490  1\$aMalayerba collection
=500  \\$aContained on disc HI2007.210_01 ("El deseo más canalla").
=530  \\$aAlso available online as streaming video.
=546  \\$aIn Spanish.
=500  \\$aTitle supplied by Hemispheric Institute.
=500  \\$aPart of the Hemispheric Institute Digital Video Library.
=534  \\$pMedia source original:$e1 videocassette of 1 (Mini DV) : sd., col. ; 1/4 in. SP.$mPanasonic DVM60.
=518  \\$aPerformed in Quito, Ecuador in 1995.
=508  \\$aGrupo de Teatro Malayerba, producer ; Arístides Vargas, director, writer.
=511  1\$aRandi Krarup, Joselino Suntaxi, Santiago Villacís, María del Rosario 'Charo' Francés, Arístides Vargas, Gerson Guerra, José 'Pepe' Rosales, Daysi Sánchez.
=520  \\$a'Pluma y la tempestad' tells the story of a youngster (who could be a boy or a girl), born in a hostile world, growing up on the streets like a boat adrift, like a feather in the storm ('como pluma en la tempestad'), tossed and turned by the ever-changing gusts of life. It is the story of a marginalized person, exposed to all kinds of dangers, coerced to sell out, to compromise, to resign himself, but still, against all odds, chooses self-affirmation and the development of her own individuality, struggling to survive and go on, recycling the debris left by the storm. 'Pluma' poses a critique on society's political, religious and pedagogical institutions. A strange parable on what it entails being different, misunderstood, marginalized by society, Pluma is also a spiritual hermaphrodite of sorts, a metaphor for the idealist, a subject full of hope but unable to succeed, to express himself, to belong, to be a welcomed member of society. This video documents key excerpts form Malayerba's renowned production. The Grupo de Teatro Malayerba (teatromalayerba.org) was founded in Quito in 1979 by Arístides Vargas, Susana Pautasso and María del Rosario 'Charo' Francés, immigrant actors originally from Argentina and Spain. From the start, Malayerba included actors with various backgrounds and nationalities, invested in the exploration of the rich cultural diversity and complex history of Ecuador, as well as issues of migration, exile, political violence and individual and collective memory. With over 25 years of ongoing theater practice and more than 20 plays performed locally and internationally for a diverse audience, Malayerba is committed to theater pedagogy and experimentation, artistic collaboration, and community building. They have represented Ecuador in national and international theater festivals; they have also collaborated with theater groups within Ecuador and in other countries, and performed for both film and television, while engaging in community work in Quito. In 1989 the group created the Laboratorio Malayerba, committed to the training of generations of young Ecuadorian actors and to an ongoing investigation of theories and practices of experimental theater. In 2001 Malayerba launched the theater journal 'Hoja de Teatro,' conceived as a forum for the theorization, criticism and dissemination of Ecuadorian theater practices. The group also runs a theater house, the Casa Malayerba, which houses the Laboratory as well as a theater with seating capacity for seventy people. Malayerba approaches theater making as an artistic, ethical and technical realm where to engage in meaningful creative experiences through which to understand, assume and confront current sociopolitical processes. In working together, actors with various backgrounds and nationalities have shown that a multicultural blend is not only possible but also enriching, as differences lead to new identities, embodiments of dreams, memories, absences and pains that are at once local and universal.
=540  \\$aThere are copyright restrictions on this collection. For more information, go to the online version of this video.
=650  \0$aIdealism.
=650  \0$aIdentity (Psychology)
=650  \0$aTheater$zEcuador.
=650  \0$aExperimental theater$zEcuador.
=653  \\$aUnderdog
=655  \7$aPerformance.$2nyu-hidvl
=655  \7$aTheater.$2nyu-hidvl
=655  \7$aExperimental theater.$2nyu-hidvl
=655  \7$aEcuadorian theater.$2nyu-hidvl
=655  \7$aLatin American theater.$2nyu-hidvl
=700  1\$aVargas, Arístides,$d1954-$4aut$4drt$4prf
=710  2\$aGrupo de Teatro Malayerba.$4pro$4prf
=710  2\$aHemispheric Institute Digital Video Library.
=830  \0$aMalayerba collection
=856  40$uhttp://hdl.handle.net/2333.1/q2bvq8fr

