=LDR  04425ngm  2200481 a 4500
=001  003993767
=005  20140601211040.0
=006  m\\\\\\\\c\\\\\\\\
=007  cr\cna|||m|||a
=007  cr\|||||||||||
=008  140528s1995\\\\bl\060\\\\\\\\s\\\vlpor\d
=024  7\$aHI2013_029_01$2nyu-hidvl
=040  \\$aNNU$beng$cNNU
=041  0\$apor
=043  \\$as-bl---
=245  00$aIndependência ou morte$h[videorecording] =$bIndependence or death /$ccollective creation by Tribo de Atuadores Ói Nóis Aqui Traveiz.
=246  31$aIndependence or death
=260  \\$c1995.
=300  \\$3viewing copy.$astreaming video (59 min., 30 sec.) :$bsd., col.
=490  1\$aTribo de Atuadores Ói Nóis Aqui Traveiz collection
=500  \\$aTitle supplied by the Hemispheric Institute.
=546  \\$aIn Portuguese.
=500  \\$aPart of the Hemispheric Institute Digital Video Library.
=508  \\$aCátia Alexandra, masks and props; Rogério Lauda, music.
=511  1\$aCátia Alexandra, Daniele Fagundes, Kike Barbosa, Marcos Castilhos, Rogério Lauda, and Sandra Possani, actors/performers; Anna Fuão, Carla Moura, João Lima, Mauro Rodrigues, Rosanne Cardoso, and Sandro Marques, substitute actors.
=518  \\$aRecorded at the Porto Alegre, Brazil, in 1995.
=520  \\$aBorrowing from history the famous sentence used by Dom Pedro I to declare the Independence of Brazil, 'Independence or Death!', Ói Nóis creates a new and unofficial version of the formation of Brazilian society. The purpose is to demystify the so-called 'heroes,' and to put the true workforce and culture of this country into its rightful place. The invasion of the land of the Native Americans and the expatriation and enslavement of African peoples serve as a narrative structure, exemplifying the oppression and poverty in which the majority of the Brazilians still live. The light-hearted and ironic tone with which the official 'heroes' are treated brings some air to the moldy way the history of this country has been told, praising the name of a few while neglecting the rest.
=520  \\$aBased in Porto Alegre, The Tribo de Atuadores Ói Nóis Aqui Traveiz was born in 1978 out of a desire for a radical renovation of the language of theatre. During the several years of their existence, they have created a personal aesthetics founded upon the authorial work of the actor, both on the stage and on the streets. Their venue, the Terreira da Tribo de Atuadores Ói Nóis Aqui Traveiz, works as a community theatre school, offering several free workshops open to the public. Their tribal organization is based on the principle of collective work, both in the creative process and in the maintenance of the space. For Ói Nóis Aqui Traveiz, theater is an instrument for both revealing and analyzing reality, and it's function is social: to contribute to the collective knowledge and to the improvement of the quality of life of the people. In a world marked by exclusion, marginalization, homogenization, by dehumanizing and barbaric efforts, they see it as their moral imperative to denounce injustice, sold opinions, authoritarianism, mediocrity and the erasing of memory. Ói Nóis sees theatre as an art of resistance, in the service of arts and politics, an art that does not fit the market patterns for ethics and aesthetics. Instead, they see theater as a way of life and as a vehicle for ideas: a theater that does not comment on life, but that takes part in it.
=534  \\$pMedia source original:$e1 videocassette (VHS) : sd., col. ; 1/2 in. SP.$mBASF-T120.
=540  \\$aThere are copyright restrictions on this collection. For more information, go to the online version of this video.
=651  \0$aBrazil$xHistory$vDrama.
=651  \0$aBrazil$xSocial conditions$vDrama.
=650  \0$aTheater$zBrazil$zPorto Alegre (Rio Grande do Sul).
=650  \0$aTheater$xPolitical aspects$zBrazil.
=650  \0$aStreet theater$zBrazil$zPorto Alegre (Rio Grande do Sul).
=655  \7$aPerformance.$2nyu-hidvl
=655  \7$aTheater.$2nyu-hidvl
=655  \7$aCollective creation.$2nyu-hidvl
=710  2\$aOi Nóis Aqui Traveiz (Theater group : Porto Alegre, Rio Grande do Sul, Brazil),$ecreator.
=710  2\$aHemispheric Institute Digital Video Library.
=830  \0$aTribo de Atuadores Oi Nóis Aqui Traveiz collection.
=856  40$uhttp://hdl.handle.net/2333.1/zgmsbf72

