=LDR  05165ngm a2200685 a 4500
=001  003305157
=004  003305157
=005  20110210114706.0
=006  m\\\\\\\\z\\\\\\\\
=007  vd\cvaiz|
=007  cr\cna|||m|||a
=007  vd\cvaizu
=007  cr\|||||||||||
=008  100217e199604uuck\094\\\\\\\\\\\\vlspa\d
=024  7\$aHI2009_002_01$2nyu-hidvl
=024  7\$aHI2009.002_01$2nyu-hidvl
=040  \\$aNNU$beng$cNNU
=041  0\$aspa$atam
=043  \\$as-ck---$aa-ii---
=079  \\$a(OCoLC)607275570
=245  00$aUn señor muy viejo con unas alas enormes$h[videorecording].
=260  \\$c1996 Apr.
=300  \\$a1 videodisc of 1 (DVD) (94 min.) :$bsd., col. ;$c4 3/4 in.$3viewing copy.
=490  1\$aMapa Teatro : Laboratorio de Artistas collection
=500  \\$aTitle supplied by Hemispheric Institute.
=546  \\$aSpanish and Tamil.
=500  \\$aPart of the Hemispheric Institute Digital Video Library.
=518  \\$aPerformed at the V Festival Iberoamericano de Teatro, Bogotá, Colombia.
=508  \\$aPurisai Duraisami Kannappa Thambiran Parambarai Theru Koothu Manram, Mapa Teatro, creators, producers ; Kannappa Sambandan, Heidi Abderhalden, Rolf Abderhalden, directors ; Kannappa Thambiran, music director ; based on homonymous text by Gabriel García Márquez ; Kannapa Thambiran, Nathesan Muthuswamy, dramaturgy ; Gurú Duraysamy Kannappa Tambiran, consultant ; Kannappa Thambiran, Mapa Teatro, set design, props ; Chellaiy Nadar Raveendran, lighting designer ; Kannappa Thambiran, Elizabeth Abderhalden, costume designer.
=511  0\$aM. Abbai, S. Babu, S. Gopal, K. Kasi, E. Kuppan, M. Munuswampy, K. Radhakrishnan, V. Ragharan, K. Sambandan, M. Sigamani, M. Srinivasan, M. Srivivasan, G. Vedachala, performers.
=520  \\$aThe story of 'Un señor muy viejo con unas alas enormes' by renowned Colombian writer Gabriel García Márquez is here staged in the traditional art of Theru Koothu of Southern India as a collaboration between two companies, Purisai Duraisami Kannappa Thambiran Paramparai Therukoothu Mandram of Tamil Nadu, and Mapa Teatro of Bogotá, Colombia. The story metaphorically unravels as an intercultural, theatrical and human experience: a man from another world appears one day, fallen from the sky into the backyard of Pelayo, a villager and his wife, Elisenda. The production is, for both companies, an experience of alterity and difference, where an experimental theater from the 'new continent' searches in the traditions of popular theater from the 'thousand-year-old continent,' looking for thriving ritual forms and a 'total language' capable of illuminating the dark paths of contemporary theater, while the ancient epic art of Theru Koothu discovers, in the work of a contemporary playwright and in the gaze of Mapa Teatro's theater, the possibility of exploring new horizons and revitalizing its own tradition. According to Mapa Teatro, the experience revealed 'a post-dramatic theatrical form approaching pre-dramatic forms and vice-versa, creating a dialogue between past and present over the space of the performance itself.' Approx. first 20 min. of this video documentation is dedicated to backstage pre-performance activities, following various actors through parts of their preparation routine in drinking coffee, applying make-up and sitting about a large room together. A brief interview with Heidi and Rolf Abderhalden of Mapa Teatro contextualizes their working relationship, while actors sit behind them applying make-up in the background. The video concludes with two fragments of the performance recorded by two different cameras.
=530  \\$aAlso available online as streaming video.
=534  \\$pMedia source original:$e1 videocassette of 1 (VHS) : sd., col. ; 1/2 in. SP.$mSony T-120.
=540  \\$aThere are copyright restrictions on this collection. For more information, go to the online version of this video.
=650  \0$aTheater$zColombia$zBogotá.
=650  \0$aTheater$zIndia$zTamil Nadu.
=651  \0$aBogotá (Colombia)
=651  \0$aTamil Nadu (India)
=600  10$aAbderhalden, Heidi$vInterviews.
=600  10$aAbderhalden, Rolf$vInterviews.
=653  \\$aTherukoothu.
=655  \7$aPerformance.$2nyu-hidvl
=655  \7$aTheater.$2nyu-hidvl
=655  \7$aExperimental theater.$2nyu-hidvl
=655  \7$aIntercultural theater.$2nyu-hidvl
=655  \7$aTherukoothu.$2nyu-hidvl
=655  \7$aStreet theater.$2nyu-hidvl
=655  \7$aColombian theater.$2nyu-hidvl
=700  1\$aAbderhalden, Heidi.$4drt
=700  1\$aAbderhalden, Rolf.$4drt
=700  1\$aSambandan, Kannappa.$4drt
=700  1\$aThambiran, Kannappa.$4msd
=700  1\$aGarcía Márquez, Gabriel,$d1928-$tSeñor muy viejo con unas alas enormes.
=710  2\$aMapa Teatro.$4cre$4pro
=710  2\$aPurisai Duraisami Kannappa Thambiran Paramparai Therukoothu Mandram (Theater group)$4cre$4pro
=710  2\$aHemispheric Institute Digital Video Library.
=830  \0$aMapa Teatro : Laboratorio de Artistas collection.
=856  40$uhttp://hdl.handle.net/2333.1/zcrjdgbk

