=LDR  04598cgm  22006375a 4500
=001  000518046
=003  NNU
=004  NYUb13507195
=005  20080408163314.0
=006  m\\\\\\\\z\\\\\\\\
=007  vd\cvaizu
=007  vf\ciahou
=007  cr\cna
=007  cr\|||||||||||
=008  070619e19961104nyu067\\\\\\\\\\\\vleng\d
=024  7\$aHI2005_061_01$2nyu-hidvl
=024  7\$aHI2005.061_01$2nyu-hidvl
=040  \\$aNNU$cNNU$eamim
=245  00$aMore than feathers and beads$h[videorecording]
=246  3\$aMurielle Borst :$bMore than feathers and beads
=260  \\$c1996 Nov. 4.
=300  \\$a1 videocassette of 1 (Digital Betacam) (67 min.) :$bsd., col. ;$c1/2 in.$3master.
=300  \\$a1 videodisc of 1 (DVD) (67 min.) :$bsd., col. ;$c4 3/4 in.$3viewing copy.
=490  1\$aAmerican Indian Community House collection
=530  \\$aAlso available online as streaming video.
=500  \\$aTitle supplied by Hemispheric Institute.
=500  \\$aPart of the Hemispheric Institute Digital Video Library.
=534  \\$pMedia source original:$e1 videocassette of 1 (VHS) : analog sd., col. ; 1/2 in.
=518  \\$aPerformed at The American Indian Community House, New York City, on Nov. 4, 1996.
=508  \\$aAmerican Indian Community House, producer ; Murielle Borst, creator.
=511  1\$aMurielle Borst.
=520  \\$aMore than Feather and Beads is Murielle Borsts semi-autobiographical one-woman show which examines contemporary issues of identity for Native American women. Borst is a champion shawl dancer and wrote this theatrical comedy about her experiences competing in pow-wows across the country. As the title implies she finds there's more than feathers and beads to the pow-wow scene. Murielle Borst is the daughter of Muriel Miguel, the co-founder of Spiderwoman Theater, the longest running Native women's theater troupe in the country. She has appeared as a guest artist in several Spiderwoman's productions and has also appeared in and collaborated on several works with the American Indian Youth Theater Project, which is a part of the American Indian Community Houses (AICH) American Indian Youth Council. The American Indian Community House (AICH) is an urban Indian center that services the needs of the Native people living in New York City and welcomes Native visitors to the city. AICH was founded in 1969 and has become a de facto neighborhood serving as a meeting place for the diverse Native community of the New York City area. The Community House offers a variety of services ranging from substance abuse and HIV counseling, to career assistance. It is also home to the only Indian owned and operated art gallery in New York City. The AICHs Performing Arts Department has become an important resource for Native visual and performance artists. Through its programming, performance has become an important educational vehicle, both for the Native and non-Native NY community. The Badger's Corner, initiated in the 1980s, is an education-via-entertainment vehicle for the AICHs visual and performing arts department programs. Taking its name from the Pueblo legend of the four-legged creature who led the Pueblo people out of the underworld after the great flood, the intent of its programming is to inform and challenge people to rethink their concept(s) of Native American people and customs. All performances at AICH are presented under the auspices of the Badgers Corner.
=540  \\$aThere are copyright restrictions on this collection. For more information, go to the online version of this video.
=650  \0$aIndian women.
=650  \0$aPowwows$xCompetitions.
=650  \0$aIndians of North America$xEthnic identity.
=650  \0$aIndians of North America.
=650  \0$aIdentity (Psychology)
=653  \\$aIdentity politics
=653  \\$aOne-woman show
=655  \7$aPerformance.$2nyu-hidvl
=655  \7$aTheater.$2nyu-hidvl
=655  \7$aOne-person shows (Performing arts).$2nyu-hidvl
=655  \7$aNative women's theater.$2nyu-hidvl
=655  \7$aNative American theater.$2nyu-hidvl
=655  \7$aComedy.$2nyu-hidvl
=700  1\$aBorst, Murielle.$4cre$4prf
=710  2\$aAmerican Indian Community House (New York, N.Y.)$4pro
=710  2\$aHemispheric Institute Digital Video Library.
=830  \0$aAmerican Indian Community House collection.
=856  40$uhttp://hdl.handle.net/2333.1/sxksn0ch

