=LDR  05570cgm a2200733 a 4500
=001  000549829
=003  NNU
=004  NYUb13541693
=005  20080415163554.0
=006  m\\\\\\\\z\\\\\\\\
=007  vd\cvaizu
=007  vf\ciahou
=007  cr\cna
=007  cr\|||||||||||
=008  071004e199606uuxx\060\\\\\\\\\\\\vleng\d
=024  7\$aHI2007_198_01$2nyu-hidvl
=024  7\$aHI2007.198_01$2nyu-hidvl
=040  \\$aNNU$cNNU$eamim
=041  0\$aeng$aspa
=043  \\$anwpr---$an-us---
=245  03$aLa otra orilla$h[videorecording].
=260  \\$c1996 June.
=300  \\$3master.$a1 videocassette of 1 (Digital Betacam) (60 min.) :$bsd., col. ;$c1/2 in.
=300  \\$3viewing copy.$a1 videodisc of 1 (DVD) (60 min.) :$bsd., col. ;$c4 3/4 in.
=490  1\$aTeatro Pregones collection
=530  \\$aAlso available online as streaming video.
=546  \\$aIn English and Spanish.
=500  \\$aTitle supplied by Hemispheric Institute.
=500  \\$aPart of the Hemispheric Institute Digital Video Library.
=534  \\$pMedia source original:$e1 videocassette of 1 (VHS) : sd., col. ; 1/2 in. SP.
=518  \\$aJune 1996.
=508  \\$aPregones Theater, producer, collective creation, costumes ; based on the original play 'Obra póstuma' by Eusebio Colange ; Alvan Colón Lespier, director, lights ; Ricardo Pons, Raúl Romero, music ; Regina García, sets.
=511  1\$aJorge B. Merced, Judith Rivera, Rosalba Rolón ; Ricardo Pons (musician), Raúl Romero (musician), Roxana Riera Gata (musician).
=520  \\$aIn the eye of a storm, far from anywhere, a man and a woman hang on to life. The decision at hand: reach the other shore, return, or abandon all hope. 'La otra orilla' is based on the play 'Obra póstuma' by Eusebio Colange, resident playwright of the theater group La Zaranda in Jerez de la Frontera, Spain. It is inspired in the tragedy of many lives lost in the Caribbean waters. Pregones infuses the playwright's words with the company's signature live music and physical vocabulary, and creates new characters anchored in the experience/history of Latinos in the U.S. 'This work means a lot to us, as it addresses painful issues connected to migration. Thousands of Puerto Ricans have left Puerto Rico over the years, many other thousands have gone back. Many have been born here and wish to connect with their other shore. Many don't want to leave at all. Hundreds of Dominican, Cuban and Haitian people die as their boats sink in the Caribbean waters; many of them also make it to the other shore. Collectively, we have proven that we rise against adversity, our resistance growing each day. We hope that the play will touch our audience, and that, wherever your other shore may be, you be happy with the discovery.' The production was premiered at the Repertory Theater of Hostos Center for the Arts & Culture in The Bronx, in June, 1996. Founded in 1979 and based in The Bronx, New York City, Pregones Theater (http://www.pregones.org) has performed in more than 400 cities and 13 countries. The company enjoys citywide recognition for their lasting contributions to the performing arts field and are recipients of numerous distinctions including current Leading National Ensemble Theatre Designation from the Doris Duke Charitable Foundation and the Andrew W. Mellon Foundation, Primary Cultural Institution Designation from the New York State Council on the Arts, the New York State Governor's Arts Award, the Culture & Humanities Award from the Center for Puerto Rican Studies, numerous artist and production awards, as well as invitations to appear at international festivals and events. Over the years Pregones has developed a style that combines theater, music and movement, oral and written traditions, and a signature urban sensibility. The ensemble draws from popular Puerto Rican artistic expressions and literature to create and stage its work. Today, Pregones has grown to be one of the leading Puerto Rican/Latino theater theaters in the United States. From migrations to indigenous mythologies to subway stories, the company's repertoire covers a growing sample of Latino experiences and identities.
=540  \\$aThere are copyright restrictions on this collection. For more information, go to the online version of this video.
=650  \0$aTheater$zPuerto Rico.
=600  10$aColange, Eusebio.$tObra póstuma$vAdaptations.
=650  \0$aImmigrants.
=650  \0$aPuerto Ricans$zUnited States.
=650  \0$aHispanic Americans.
=651  \0$aUnited States$xEmigration and immigration.
=651  \0$aPuerto Rico$xEmigration and immigration.
=653  \\$aLatinos
=655  \7$aPerformance.$2nyu-hidvl
=655  \7$aTheater.$2nyu-hidvl
=655  \7$aLatino theater.$2nyu-hidvl
=655  \7$aPuerto Rican theater.$2nyu-hidvl
=655  \7$aPolitical performance.$2nyu-hidvl
=655  \7$aBilingual theater.$2nyu-hidvl
=700  1\$aColón Lespier, Alvan.$4drt$4lgd
=700  1\$aPons, Ricardo.$4mus
=700  1\$aRomero, Raúl.$4mus
=700  1\$aMerced, Jorge B.$4prf
=700  1\$aRivera, Judith.$4prf
=700  1\$aRolón, Rosalba.$4prf
=710  2\$aPregones Theatre (New York, N.Y.)$4pro$4cre$4cst
=710  2\$aHemispheric Institute Digital Video Library.
=830  \0$aTeatro Pregones collection.
=856  40$uhttp://hdl.handle.net/2333.1/jsxksn9b

