=LDR  05448cgm  2200685 a 4500
=001  000563674
=003  NNU
=004  NYUb13556733
=005  20080509173201.0
=006  m\\\\\\\\z\\\\\\\\
=007  vd\cvaizu
=007  vf\ciahou
=007  cr\cna
=007  cr\|||||||||||
=008  071121e19961213nyu075\\\\\\\\\\\\vleng\d
=024  7\$aHI2005_049_01$2nyu-hidvl
=024  7\$aHI2005.049_01$2nyu-hidvl
=035  \\$a(NYU)NYUb13556733
=040  \\$aNNU$cNNU$eamim
=245  02$aA traditional kind of woman :$btoo much, not 'nuff$h[videorecording].
=246  3\$aCoatlicue Theater Company :$bA traditional kind of woman : too much, not 'nuff
=246  3\$aTraditional kind of woman :$btoo much, not enough
=260  \\$c1996 Dec. 13.
=300  \\$a1 videocassette of 1 (Digital Betacam) (75 min.) :$bsd., col. ;$c1/2 in.$3master.
=300  \\$a1 videodisc of 1 (DVD) (75 min.) :$bsd., col. ;$c4 3/4 in.$3viewing copy.
=490  1\$aAmerican Indian Community House collection
=530  \\$aAlso available online as streaming video.
=500  \\$aTitle supplied by Hemispheric Institute.
=500  \\$aPart of the Hemispheric Institute Digital Video Library.
=534  \\$pMedia source original:$e1 videocassette of 1 (VHS) : analog sd., col. ; 1/2 in.
=518  \\$aPerformed at The American Indian Community House, New York City, on Dec. 13, 1996.
=508  \\$aAmerican Indian Community House, producer ; Coatlicue Theater Company, creator.
=511  1\$aHortencia Colorado, Elvira Colorado.
=520  \\$aThe Coatlicue Theater Company's 'A Traditional Kind of Woman: Too Much, Not 'Nuff,' deals with issues of domestic violence, incest, rape, HIV/AIDS, alcoholism, drugs, cancer, diabetes, nutrition and racism. This piece was commissioned by the American Indian Community House's (AICH) Women's Wellness Circle. It was developed from healing and empowerment stories collected from women from the community with the goal of empowering other Native women. Using music, song and 'larger than life' props, the sisters communicate the heartbreak, absurdity, pain, humor and power of the stories. It has been shown across the country to Native audiences, healthcare providers and at numerous conferences. Elvira and Hortencia Colorado, Chichimec Otomi storytellers, playwrights, performers and community activists are founding members of Coatlicue Theatre Company (www.coatlicue.com). They are also members of Danza Mexica Cetiliztli, New York Zapatistas and the American Indian Community House. The company's plays address social, political, cultural and identity issues that impact their lives and their community. Their work is based on stories they weave together which educate as well as entertain, while reaffirming their survival as urban Native American women. They have conducted storytelling/ theatre workshops. They are recipients of the Ingrid Washinawatok Community Activism Award. The American Indian Community House (AICH) is an urban Indian center that services the needs of the Native people living in New York City and welcomes Native visitors to the city. AICH was founded in 1969 and has become a de facto 'neighborhood' serving as a meeting place for the diverse Native community of the New York City area. The Community House offers a variety of services ranging from substance abuse and HIV counseling, to career assistance. It is also home to the only Indian owned and operated art gallery in New York City. The AICH's Performing Arts Department has become an important resource for Native visual and performance artists. Through its programming, performance has become an important educational vehicle, both for the Native and non-Native NY community. The Badger's Corner, initiated in the 1980's, is an education-via-entertainment vehicle for the AICH's visual and performing arts department programs. Taking its name from the Pueblo legend of the four-legged creature who led the Pueblo people out of the underworld after the great flood, the intent of its programming is to inform and challenge people to rethink their concept(s) of Native American people and customs. All performances at AICH are presented under the auspices of the Badger's Corner.
=540  \\$aThere are copyright restrictions on this collection. For more information, go to the online version of this video.
=650  \0$aWomen$xAbuse of.
=650  \0$aIndigenous women.
=650  \0$aIndian women.
=650  \0$aWomen$xIdentity.
=650  \0$aWomen$xHealth and hygiene.
=650  \0$aIndians$xUrban residence.
=653  \\$aViolence agains women
=653  \\$aIndigenous women's empowerment
=653  \\$aUrban Native American women
=655  \7$aPerformance.$2nyu-hidvl
=655  \7$aTheater.$2nyu-hidvl
=655  \7$aNative theater.$2nyu-hidvl
=655  \7$aPolitical performance.$2nyu-hidvl
=655  \7$aNative American women's theater.$2nyu-hidvl
=700  1\$aColorado, Elvira.$4prf
=700  1\$aColorado, Hortencia.$4prf
=710  2\$aCoatlicue Theater Company.$4cre
=710  2\$aAmerican Indian Community House (New York, N.Y.)$4pro
=710  2\$aHemispheric Institute Digital Video Library.
=830  \0$aAmerican Indian Community House collection.
=856  40$uhttp://hdl.handle.net/2333.1/jh9w0w4f

