=LDR  05751cgm a22007935a 4500
=001  000098585
=003  NNU
=004  NYUb13069187
=005  20140421141715.0
=006  m\\\\\\\\z\\\\\\\\
=007  vd|cvaizu
=007  vf|ciahou
=007  cr\|||||||||||
=007  vd|cvaizu
=008  050824e19960602nyu038\\\\\\\\\\\\vleng\d
=024  7\$aHI2005_009_B_01$2nyu-hidvl
=024  7\$aHI2005_010_01$2nyu-hidvl
=024  7\$aHI2005.009_01$2nyu-hidvl
=024  7\$aHI2005.010_01$2nyu-hidvl
=040  \\$aNNU$cNNU$eamim
=043  \\$an-us-ny$an------$an-us---
=245  00$aHigh steel and corn meal :$brecounting an era : the Mohawk ironworker community in Brooklyn$h[videorecording]
=260  \\$c1996 June 2.
=300  \\$3viewing copy.$a2 videodiscs of 2 (DVD) (38 min.) :$bsd., col. ;$c4 3/4 in.
=300  \\$3master.$a2 videocassettes of 2 (Digital Betacam) (38 min. : pt.1, 30 min. ; pt.2, 8 min.) :$bsd., col. ;$c1/2 in.
=490  1\$aAmerican Indian Community House collection
=500  \\$aTitle supplied by Hemispheric Institute.
=500  \\$aPart of the Hemispheric Institute Digital Video Library.
=530  \\$aAlso available online as streaming video.
=534  \\$pMedia source original:$e2 videocassettes of 2 (VHS) : sd., col. ; 1/2 in.
=518  \\$aPerformed at The American Indian Community House, New York City, on June 2, 1996.
=508  \\$aAmerican Indian Community House, producer ; City Lore, producer ; Jim Cyrus, introducer ; Ben Salazar, introducer ; Louis Mofsie, moderator.
=511  0\$aMuriel Miguel, Verlain White, Lorraine Canoe, Joe Deer, Louis Brook, Julius Cook, Agnes Sylvestre, Percy Ortiz, Shaun Finnerty, participants.
=520  \\$aAn afternoon of storytelling at the American Indian Community House. By the 1950s over 700 Mohawk ironworkers and their families were living in the Boerum Hill section of Brooklyn, New York which they called downtown Kahnawake after a reservations in upstate New York. For years the Mohawks commuted between their reservations in upstate New York and Canada and Brooklyn until many grew weary and permanently moved to Brooklyn. Their community flourished with help from local merchants who began catering to their needs. Dr. David Munroe Corey, the pastor of the Cuyler Presbyterian Church, opened his church to support community activities. He attracted worshipers by delivering services in Mohawk once a month, and in 1939, with the help of two parishioners, translated a hymnal into Mohawk. This appears to be the first time Native people had a community located in a specific neighborhood in New York City. 
=520  \\$aThe American Indian Community House (AICH) is an urban Indian center that services the needs of the Native people living in New York City and welcomes Native visitors to the city. AICH was founded in 1969 and has become a de facto neighborhood serving as a meeting place for the diverse Native community of the New York City area. The Community House offers a variety of services ranging from substance abuse and HIV counseling, to career assistance. It is also home to the only Indian owned and operated art gallery in New York City. The AICHs Performing Arts Department has become an important resource for Native visual and performance artists. Through its programming, performance has become an important educational vehicle, both for the Native and non-Native NY community. The Badger's Corner, initiated in the 1980s, is an education-via-entertainment vehicle for the AICHs visual and performing arts department programs.   
=520  \\$aTaking its name from the Pueblo legend of the four-legged creature who led the Pueblo people out of the underworld after the great flood, the intent of its programming is to inform and challenge people to rethink their concept(s) of Native American people and customs. All performances at AICH are presented under the auspices of the Badgers Corner. Indian Summer is an annual event at AICH and an occasion for artists to present their latest works to the community and the general public. All performers, whether new to the field or veteran practitioners, are encouraged to present their work.  
=540  \\$aThere are copyright restrictions on this collection. For more information, go to the online version of this video.
=650  \0$aIndians of North America$xUrban residence$zNew York (State)$zNew York.
=650  \0$aStorytelling.
=650  \0$aStorytellers.
=650  \0$aOral tradition$zNorth America.
=650  \0$aIndians of North America$zNew York (State).
=650  \0$aMohawk Indians$xCultural assimilation$zNew York (State).
=650  \0$aMohawk Indians$xHistory.
=655  \0$aOral history.
=650  \0$aStructural steel workers$zUnited States.
=655  \7$aPerformance.$2nyu-hidvl
=655  \7$aStorytelling.$2nyu-hidvl
=655  \7$aOral history.$2nyu-hidvl
=655  \7$aNative American performance.$2nyu-hidvl
=655  \7$aUrban Indian performance.$2nyu-hidvl
=655  \7$aMohawk performance.$2nyu-hidvl
=700  1\$aCyrus, Jim.$4aui
=700  1\$aSalazar, Benjamin.$4aui
=700  1\$aMofsie, Louis.$4mod
=710  2\$aAmerican Indian Community House (New York, N.Y.)$4pro
=710  2\$aCity Lore (Organization)$4pro
=710  2\$aHemispheric Institute Digital Video Library.
=830  \0$aAmerican Indian Community House collection.
=856  40$uhttp://hdl.handle.net/2333.1/xksn035x
=853  00$81$apt.
=863  50$81.1$a1$p31142042824063
=863  50$81.2$a2$p31142042824071
=954  \\$81$aVolumes

