=LDR  04682cgm  2200625 a 4500
=001  000562995
=003  NNU
=004  NYUb13555983
=005  20080408163531.0
=006  m\\\\\\\\z\\\\\\\\
=007  vd\cvaizu
=007  vf\ciahou
=007  cr\cna
=007  cr\|||||||||||
=008  071120e19960610nyu086\\\\\\\\\\\\vleng\d
=024  7\$aHI2005_030_01$2nyu-hidvl
=024  7\$aHI2005.030_01$2nyu-hidvl
=040  \\$aNNU$cNNU$eamim
=245  00$a11th Annual Native American Actor's Showcase$h[videorecording].
=246  3\$aEleventh Annual Native American Actor's Showcase
=246  30$aAnnual Native American Actor's Showcase
=246  30$aNative American Actor's Showcase
=260  \\$c1996 June 10.
=300  \\$a1 videocassette of 1 (Digital Betacam) (86 min.) :$bsd., col. ;$c1/2 in.$3master.
=300  \\$a1 videodisc of 1 (DVD) (86 min.) :$bsd., col. ;$c4 3/4 in.$3viewing copy.
=490  1\$aAmerican Indian Community House collection
=530  \\$aAlso available online as streaming video.
=500  \\$aTitle supplied by Hemispheric Institute.
=500  \\$aPart of the Hemispheric Institute Digital Video Library.
=534  \\$pMedia source original:$e1 videocassette of 1 (VHS) : analog sd., col. ; 1/2 in.
=518  \\$aHeld at The American Indian Community House, New York City, on June 10, 1996.
=508  \\$aAmerican Indian Community House, producer.
=511  0\$aJim Cyrus, introducer.
=520  \\$aThe American Indian Community House presents its 11th Annual Actor's Showcase, an event that publicizes the Performing Arts Department's extensive file of Native actors. Casting agents and other industry members are invited to this annual evening of performances. The Actor's Showcase was established to demonstrate the wide range of Native talent and encourage the development of vehicles that transcend the stereotypes that often relegate Native Actors to limited roles within the 'industry.' It also serves to educate performers 'on the business,' by bringing them together with agents and other key players. The evening is part of 'Indian Summer' and is also open to the public. The American Indian Community House (AICH) is an urban Indian center that services the needs of the Native people living in New York City and welcomes Native visitors to the city. AICH was founded in 1969 and has become a de facto 'neighborhood' serving as a meeting place for the diverse Native community of the New York City area. The Community House offers a variety of services ranging from substance abuse and HIV counseling, to career assistance. It is also home to the only Indian owned and operated art gallery in New York City. The AICH's Performing Arts Department has become an important resource for Native visual and performance artists. Through its programming, performance has become an important educational vehicle, both for the Native and non-Native NY community. The Badger's Corner, initiated in the 1980's, is an education-via-entertainment vehicle for the AICH's visual and performing arts department programs. Taking its name from the Pueblo legend of the four-legged creature who led the Pueblo people out of the underworld after the great flood, the intent of its programming is to inform and challenge people to rethink their concept(s) of Native American people and customs. All performances at AICH are presented under the auspices of the Badger's Corner. 'Indian Summer' is an annual event at AICH and an occasion for artists to present their latest works to the community and the general public. All performers, whether new to the field or veteran practitioners, are encouraged to present their work.
=540  \\$aThere are copyright restrictions on this collection. For more information, go to the online version of this video.
=650  \0$aIndian theater.
=650  \0$aIndians in the performing arts.
=650  \0$aActing.
=653  \\$aNative American theater
=653  \\$aAmerican Indian actors
=655  \7$aPerformance.$2nyu-hidvl
=655  \7$aTheater.$2nyu-hidvl
=655  \7$aActor's showcase.$2nyu-hidvl
=655  \7$aAmerican Indian theater.$2nyu-hidvl
=655  \7$aNative American performance.$2nyu-hidvl
=700  1\$aCyrus, Jim.$4oth
=710  2\$aAmerican Indian Community House (New York, N.Y.)$4pro
=710  2\$aHemispheric Institute Digital Video Library.
=830  \0$aAmerican Indian Community House collection.
=856  40$uhttp://hdl.handle.net/2333.1/vx0k6dx3

