=LDR  04709ngm  2200469 a 4500
=001  003993770
=005  20140601211130.0
=006  m\\\\\\\\c\\\\\\\\
=007  cr\cna|||m|||a
=007  cr\|||||||||||
=008  140528s1996\\\\bl\047\\\\\\\\s\\\vlpor\d
=024  7\$aHI2013_030_01$2nyu-hidvl
=040  \\$aNNU$beng$cNNU
=041  0\$apor
=043  \\$as-bl---
=245  02$aA heroína da Pindaíba$h[videorecording] /$cadaptation of the play 'O homem que era uma fábrica,' by Augusto Boal ; Paulo Flores, coordinator ; collective creation by Tribo de Atuadores Ói Nóis Aqui Traveiz
=260  \\$c1996.
=300  \\$3viewing copy.$astreaming video (46 min., 11 sec.) :$bsd., col.
=490  1\$aTribo de Atuadores Ói Nóis Aqui Traveiz collection
=500  \\$aTitle supplied by the Hemispheric Institute.
=546  \\$aIn Portuguese.
=500  \\$aPart of the Hemispheric Institute Digital Video Library.
=508  \\$aRogério Lauda, music.
=511  1\$aBiño Sawitzki, Edgardo Sandoval, Geísa Almeida, Graziela Gallicchio, Joana do Carmo, Rosane Cardoso, Sandro Marques, and Tânia Farias, actors/performers; Alexandre Garcia, Anna Fuão, Carla Moura, Clélio Cardoso, Daniele Fagundes, Dedy Ricardo, Mauro Rodrigues, Paulo Flores, Renan Leandro e Rogério Lauda, substitute actors.
=518  \\$aRecorded in Porto Alegre, Brazil, in 1996.
=520  \\$aBased on Augusto Boal’s play 'O homem que era uma fábrica,' this street performance tells the story of Matilda Silva da Silva, an unemployed Brazilian woman who is trying to get a visa to the United States in order to fulfill her dream of a job and a place to live. Helped by her friend Santinha, Matilda needs to go through several obstacles to overcome the sanitary rules of the United States embassy, which bar the people of Pindaíba from imigrating. Free from amoebas and bacteria, our hero transforms her fecal matter in a symbol for Brazilian clean feces, creating the possibility of becoming rich selling feces to all those people who also dream with the pleasures of the 'American way of life.' Registering Brazil’s social situation through allegory and farce, the clown characters are an expression of Brazil’s popular theatre, establishing a connection with the people in the streets. The humor and playfulness hide a strong critical power.
=520  \\$aBased in Porto Alegre, The Tribo de Atuadores Ói Nóis Aqui Traveiz was born in 1978 out of a desire for a radical renovation of the language of theatre. During the several years of their existence, they have created a personal aesthetics founded upon the authorial work of the actor, both on the stage and on the streets. Their venue, the Terreira da Tribo de Atuadores Ói Nóis Aqui Traveiz, works as a community theatre school, offering several free workshops open to the public. Their tribal organization is based on the principle of collective work, both in the creative process and in the maintenance of the space. For Ói Nóis Aqui Traveiz, theater is an instrument for both revealing and analyzing reality, and it's function is social: to contribute to the collective knowledge and to the improvement of the quality of life of the people. In a world marked by exclusion, marginalization, homogenization, by dehumanizing and barbaric efforts, they see it as their moral imperative to denounce injustice, sold opinions, authoritarianism, mediocrity and the erasing of memory. Ói Nóis sees theatre as an art of resistance, in the service of arts and politics, an art that does not fit the market patterns for ethics and aesthetics. Instead, they see theater as a way of life and as a vehicle for ideas: a theater that does not comment on life, but that takes part in it.
=534  \\$pMedia source original:$e1 videocassette (VHS) : sd., col. ; 1/2 in. SP.$mTDK T-120 HS.
=540  \\$aThere are copyright restrictions on this collection. For more information, go to the online version of this video.
=650  \0$aTheater$zBrazil$zPorto Alegre (Rio Grande do Sul).
=650  \0$aTheater$xPolitical aspects$zBrazil.
=650  \0$aStreet theater$zBrazil$zPorto Alegre (Rio Grande do Sul).
=655  \7$aPerformance.$2nyu-hidvl
=655  \7$aTheater.$2nyu-hidvl
=655  \7$aCollective creation.$2nyu-hidvl
=700  1\$aFlores, Paulo$c(Performer)
=700  1\$aBoal, Augusto.$tHomem que era uma fábrica.
=710  2\$aOi Nóis Aqui Traveiz (Theater group : Porto Alegre, Rio Grande do Sul, Brazil),$ecreator.
=710  2\$aHemispheric Institute Digital Video Library.
=830  \0$aTribo de Atuadores Oi Nóis Aqui Traveiz collection.
=856  40$uhttp://hdl.handle.net/2333.1/tqjq2drz

