=LDR  05538cgm a22007095a 4500
=001  000518344
=003  NNU
=004  NYUb13507516
=005  20071210173431.0
=006  m\\\\\\\\z\\\\\\\\
=007  vd\cvaizu
=007  vf\ciahou
=007  cr\cna
=007  cr\|||||||||||
=008  070620s1996\\\\riu011\\\\\\\\\\\\vlmul\d
=024  7\$aHI2005_064_01$2nyu-hidvl
=024  7\$aHI2005.064_01$2nyu-hidvl
=035  \\$a(NYU)NYUb13507516
=040  \\$aNNU$cNNU$eamim
=041  0\$aeng$aspa
=043  \\$an-us---
=245  04$aThe temple of confessions$h[videorecording]
=260  \\$c1996.
=300  \\$3master.$a1 videocassette of 1 (Digital Betacam) (11 min.) :$bsd., col. ;$c1/2 in.
=300  \\$3viewing copy.$a1 videodisc of 1 (DVD) (11 min.) :$bsd., col. ;$c4 3/4 in.
=490  1\$aFrom Aztec to High-Tech : the performance video collections of Guillermo Gómez-Peña & La Pocha Nostra, 1985-2004.
=530  \\$aAlso available online as streaming video.
=546  \\$aIn English, Spanish, and Spanglish.
=500  \\$aRhode Island College Art Center, La Pocha Nostra.
=500  \\$aTitle supplied by Hemispheric Institute.
=500  \\$aPart of the Hemispheric Institute Digital Video Library.
=534  \\$pMedia source original:$e1 videocassette of 1 (VHS) : sd., col. ; 1/2 in. SP.$mJVC T-120.
=518  \\$aPerformed at Rhode Island College, Rhode Island, in 1996.
=508  \\$aGuillermo Gómez-Peña, director, producer ; La Pocha Nostra, producer ; Rhode Island College Art Center, producer ; Steven Davis, editor.
=511  1\$aGuillermo Gómez-Peña, Roberto Sifuentes, Norma Medina, Michelle Ceballos.
=520  \\$aThis itinerant performance/installation present two 'end-of-the-century saints' from an 'unknown border religion', in search of sanctuary across the United States while gathering confessions on intercultural fears and desires. Designed as a theater of mythos and cultural pathologies, the 'Temple' proposes a ceremonial space for the reflection on ethnic, racial, and gender prejudices. It is divided in three main areas: the 'Chapel of Desires', displaying 'El Pre-Columbian Vato' or 'holy gang member' (performed by Roberto Sifuentes); the 'Chapel of Fears', displaying 'San Pocho Aztlaneca' (a 'hyper-exoticied curio shop shaman for spiritual tourists' performed by Guillermo Gómez-Peña); and an enigmatic funerary vignette composed by performance objects. Paintings of other 'hybrid santos' hang from the walls, two 'nuns' ('chola/nun' Norma Medina and 'dominatrix nun' Michelle Ceballos) take care of the temple, and visitors can leave their 'confessions'; the most revealing ones are incorporated into the installation soundtrack for future performances. La Pocha Nostra (www.pochanostra.com) is an ever-morphing trans-disciplinary arts organization, founded in 1993 by Guillermo Gómez-Peña, Roberto Sifuentes, and Nola Mariano in California. The objective was to formally conceptualize Gómez-Peña's collaborations with other performance artists. It provides a base (and forum) for a loose network of rebel artists from various disciplines, generations and ethnic backgrounds, whose common denominator is the desire to cross and erase dangerous borders between art and politics, practice and theory, artist and spectator. As of June 2006, members include performance artists Guillermo Gómez-Peña, Violeta Luna, Michelle Ceballos, and Roberto Sifuentes; curators Gabriela Salgado and Orlando Britto; and over thirty associates worldwide in countries such as Mexico, Spain, the UK, and Australia. Projects range from performance solos and duets to large-scale performance installations including video, photography, audio, and cyber-art. La Pocha collaborates across national borders, race, gender and generations. Their collaborative model functions both as an act of citizen diplomacy and as a means to create ephemeral communities of like-minded rebels. The basic premise of these collaborations is founded on an ideal: If we learn to cross borders on stage, we may learn how to do so in larger social spheres. La Pocha strives to eradicate myths of purity and dissolve borders surrounding culture, ethnicity, gender, language, and métier. These are radical acts.
=540  \\$aThere are copyright restrictions on this collection. For more information, go to the online version of this video.
=650  \0$aReligion.
=650  \0$aReligion and culture$zUnited States.
=650  \0$aConfession.
=650  \0$aPrejudices.
=650  \0$aAnthropology$xSocial aspects.
=653  \\$aReverse anthropology
=653  \\$aVideo documentation
=655  \7$aPerformance.$2nyu-hidvl
=655  \7$aPerformance art.$2nyu-hidvl
=655  \7$aPerformance/Installation.$2nyu-hidvl
=655  \7$aBorder art.$2nyu-hidvl
=655  \7$aMultimedia interactive living museum.$2nyu-hidvl
=700  1\$aGómez-Peña, Guillermo.$4drt$4pro$4prf
=700  1\$aSifuentes, Roberto,$d1967-$4prf
=700  1\$aMedina, Norma.$4prf
=700  1\$aCeballos, Michelle.$4prf
=710  2\$aPocha Nostra.
=710  2\$aRhode Island College (1960- )
=710  2\$aHemispheric Institute Digital Video Library.
=830  \0$aFrom Aztec to High-Tech : the performance video collections of Guillermo Gómez-Peña & La Pocha Nostra, 1985-2004.
=856  40$uhttp://hdl.handle.net/2333.1/dncjsxvn

