=LDR  06081cgm  22007815a 4500
=001  000518385
=003  NNU
=004  NYUb13507558
=005  20140421143021.0
=006  m\\\\\\\\z\\\\\\\\
=007  vd\cvaizu
=007  vf\ciahou
=007  cr\cna
=007  \\vd
=007  cr\|||||||||||
=008  070620s1996\\\\miu100\\\\\\\\\\\\vlmul\d
=024  7\$aHI2005_065_A_01$2nyu-hidvl
=024  7\$aHI2005_065_B_01$2nyu-hidvl
=024  7\$aHI2005.065_01_A$2nyu-hidvl
=035  \\$a(NYU)NYUb13507558
=040  \\$aNNU$cNNU$eamim
=041  0\$aeng$aspa
=043  \\$an-us---
=245  04$aThe temple of confessions :$bpre-performance street intervention, Detroit$h[videorecording]
=260  \\$c1996.
=300  \\$3master.$a2 videocassettes of 2 (Digital Betacam) (100 min.) :$bsd., col. ;$c1/2 in.
=300  \\$3viewing copy.$a2 videodiscs of 2 (DVD) (100 min. : pt.A, 88 min. ; pt.B, 12 min.) :$bsd., col. ;$c4 3/4 in.
=490  1\$aFrom Aztec to High-Tech : the performance video collections of Guillermo Gómez-Peña & La Pocha Nostra, 1985-2004.
=530  \\$aAlso available online as streaming video.
=546  \\$aIn English, Spanish, and Spanglish.
=500  \\$aSome brief visual and audio distortion/blackouts in minutes 25 and 43.
=500  \\$aTitle supplied by Hemispheric Institute.
=500  \\$aPart of the Hemispheric Institute Digital Video Library.
=534  \\$pMedia source original:$e2 videocassettes of 2 (VHS) : sd., col. ; 1/2 in. SP.$mHG-PRO T-120.
=518  \\$aPerformed on streets and in buildings of Detroit, Michigan, in 1996.
=508  \\$aGuillermo Gómez-Peña, director, producer ; La Pocha Nostra, producer ; Detroit Institute of Fine Arts, producer ; video courtesy of the Detroit Institute of Fine Arts.
=511  1\$aGuillermo Gómez-Peña, Roberto Sifuentes, Norma Medina, Michelle Ceballos.
=520  \\$aAs a pre-performance strategy for advertising their upcoming 'The Temple of Confessions' performance/installation, La Pocha Nostra conducts a series of interventions in Detroit's public sphere. Two 'end-of-the-century saints', in search of sanctuary across the United States while gathering confessions on intercultural fears and desires, take on key politically relevant or visually interesting public sites. 'El Pre-Columbian Vato' or 'holy gang member' (performed by Roberto Sifuentes) and 'San Pocho Aztlaneca' (a 'hyper-exoticied curio shop shaman for spiritual tourists' performed by Guillermo Gómez-Peña) are walked in leashes by 'corporate dominatrix' Michelle Ceballos and tended by 'chola/nun' Norma Medina; in this fashion, they visit an array of public places, from a financial/downtown district fancy café, to the US-Canada border, always followed by an entourage of photographers and videographers from the local media that document their 'pilgrimage'. 
=520  \\$aThrough these performative irruptions in everyday life, La Pocha Nostra creates the means for provoking in the "Temple" prospective audience an aura of expectation, a bearing witness of a mythology of intercultural fears and desires; this, in turn, would broaden the diversity of the audience, and create a propitious environment for their upcoming 'confessions'. La Pocha Nostra (www.pochanostra.com) is an ever-morphing trans-disciplinary arts organization, founded in 1993 by Guillermo Gómez-Peña, Roberto Sifuentes, and Nola Mariano in California. The objective was to formally conceptualize Gómez-Peña's collaborations with other performance artists. It provides a base (and forum) for a loose network of rebel artists from various disciplines, generations and ethnic backgrounds, whose common denominator is the desire to cross and erase dangerous borders between art and politics, practice and theory, artist and spectator.   
=520  \\$aAs of June 2006, members include performance artists Guillermo Gómez-Peña, Violeta Luna, Michelle Ceballos, and Roberto Sifuentes; curators Gabriela Salgado and Orlando Britto; and over thirty associates worldwide in countries such as Mexico, Spain, the UK, and Australia. Projects range from performance solos and duets to large-scale performance installations including video, photography, audio, and cyber-art. La Pocha collaborates across national borders, race, gender and generations. Their collaborative model functions both as an act of citizen diplomacy and as a means to create ephemeral communities of like-minded rebels. The basic premise of these collaborations is founded on an ideal: If we learn to cross borders on stage, we may learn how to do so in larger social spheres. La Pocha strives to eradicate myths of purity and dissolve borders surrounding culture, ethnicity, gender, language, and métier. These are radical acts.  
=540  \\$aThere are copyright restrictions on this collection. For more information, go to the online version of this video.
=650  \0$aReligion.
=650  \0$aReligion and culture$zUnited States.
=650  \0$aConfession.
=650  \0$aPrejudices.
=650  \0$aAnthropology$xSocial aspects.
=653  \\$aReverse anthropology
=655  \7$aPerformance.$2nyu-hidvl
=655  \7$aPerformance art.$2nyu-hidvl
=655  \7$aBorder art.$2nyu-hidvl
=655  \7$aStreet performance intervention.$2nyu-hidvl
=700  1\$aGómez-Peña, Guillermo.$4drt$4pro$4prf
=700  1\$aSifuentes, Roberto,$d1967-$4prf
=700  1\$aMedina, Norma.$4prf
=700  1\$aCeballos, Michelle.$4prf
=710  2\$aPocha Nostra.
=710  2\$aDetroit Institute of Arts.
=710  2\$aHemispheric Institute Digital Video Library.
=830  \0$aFrom Aztec to High-Tech : the performance video collections of Guillermo Gómez-Peña & La Pocha Nostra, 1985-2004.
=853  00$81$apt.
=863  50$81.1$aA$p31142042580038
=863  50$81.2$aB$p31142042580046
=856  40$uhttp://hdl.handle.net/2333.1/8w9ghx98
=954  \\$81$aVolumes

