=LDR  05340cgm a22008175a 4500
=001  000518512
=003  NNU
=004  NYUb13507692
=005  20140421143046.0
=006  m\\\\\\\\z\\\\\\\\
=007  vd\cvaizu
=007  vf\ciahou
=007  cr\cna
=007  \\vd
=007  cr\|||||||||||
=008  070620s1996\\\\mtu151\\\\\\\\\\\\vlmul\d
=024  7\$aHI2005_069_A_01$2nyu-hidvl
=024  7\$aHI2005_069_B_01$2nyu-hidvl
=024  7\$aHI2005.069_01_A$2nyu-hidvl
=040  \\$aNNU$cNNU$eamim
=041  0\$aeng$aspa
=245  00$aMexican cowboys and Indian lowriders$h[videorecording]
=260  \\$c1996 May.
=300  \\$3master.$a2 videocassettes of 2 (Digital Betacam) (151 min.) :$bsd., col. ;$c1/2 in.
=300  \\$3viewing copy.$a2 videodiscs of 2 (DVD) (151 min. : pt.A, 89 min. ; pt.B, 62 min.) :$bsd., col. ;$c4 3/4 in.
=490  1\$aFrom Aztec to High-Tech : the performance video collections of Guillermo Gómez-Peña & La Pocha Nostra, 1985-2004.
=530  \\$aAlso available online as streaming video.
=546  \\$aIn English, Spanish, and Spanglish.
=500  \\$aTitle supplied by Hemispheric Institute.
=500  \\$aPart of the Hemispheric Institute Digital Video Library.
=534  \\$pMedia source original:$e1 videocassette of 1 (VHS) : sd., col. ; 1/2 in. SP.$mMaxell.
=518  \\$aPerformed at the Holter Museum, Helena, Montana, in May 1996.
=508  \\$aGuillermo Gómez-Peña, director, producer ; Arnie Molina, producer ; La Pocha Nostra, producer ; Holter Museum, producer.
=511  1\$aGuillermo Gómez-Peña, Roberto Sifuentes, Tyler Medicine Horse, Susan Stewart, Bentley Spank.
=520  \\$aAn experiment in 'reverse anthropology', this performance/installation creates an inverted world where Chicanos and Native Americans occupy a fictional cultural center and the 'Anglos' are nomadic minorities and tribal peoples with exotic costums and costumes. The resulting diorama is an experimental Indian trading post and curio shop of sorts, incorporating fictitious museum labels, racist pop archeology (Indianabilia, Mexicabilia, 'Western' souvenirs), 'authentic' Cowboy an Indian art, and the display of the troupe of collaborating performers as 'stuffed humans' or 'cultural specimens'. La Pocha Nostra (www.pochanostra.com) is an ever-morphing trans-disciplinary arts organization, founded in 1993 by Guillermo Gómez-Peña, Roberto Sifuentes, and Nola Mariano in California. The objective was to formally conceptualize Gómez-Peña's collaborations with other performance artists. 
=520  \\$aIt provides a base (and forum) for a loose network of rebel artists from various disciplines, generations and ethnic backgrounds, whose common denominator is the desire to cross and erase dangerous borders between art and politics, practice and theory, artist and spectator. As of June 2006, members include performance artists Guillermo Gómez-Peña, Violeta Luna, Michelle Ceballos, and Roberto Sifuentes; curators Gabriela Salgado and Orlando Britto; and over thirty associates worldwide in countries such as Mexico, Spain, the UK, and Australia. Projects range from performance solos and duets to large-scale performance installations including video, photography, audio, and cyber-art. La Pocha collaborates across national borders, race, gender and generations. Their collaborative model functions both as an act of citizen diplomacy and as a means to create ephemeral communities of like-minded rebels.   
=520  \\$aThe basic premise of these collaborations is founded on an ideal: If we learn to cross borders on stage, we may learn how to do so in larger social spheres. La Pocha strives to eradicate myths of purity and dissolve borders surrounding culture, ethnicity, gender, language, and métier. These are radical acts.  
=540  \\$aThere are copyright restrictions on this collection. For more information, go to the online version of this video.
=650  \0$aMexican Americans.
=650  \0$aIndians of North America.
=650  \0$aWhites.
=650  \0$aRacism.
=650  \0$aPrejudices.
=650  \0$aAnthropology$xSocial aspects.
=653  \\$aAnglos
=655  \7$aPerformance.$2nyu-hidvl
=655  \7$aPerformance art.$2nyu-hidvl
=655  \7$aMultimedia interactive living museum.$2nyu-hidvl
=655  \7$aBorder art.$2nyu-hidvl
=655  \7$aReverse anthropology.$2nyu-hidvl
=655  \7$aPerformance/Installation.$2nyu-hidvl
=700  1\$aGómez-Peña, Guillermo.$4drt$4pro$4prf
=700  1\$aSifuentes, Roberto,$d1967-$4prf
=700  1\$aMedicine Horse, Tyler.$4prf
=700  1\$aStewart, Susan.$4prf
=700  1\$aSpank, Bentley.$4prf
=700  1\$aMolina, Arnie.$4pro
=710  2\$aPocha Nostra.
=710  2\$aHolter Museum of Art.
=710  2\$aHemispheric Institute Digital Video Library.
=830  \0$aFrom Aztec to High-Tech : the performance video collections of Guillermo Gómez-Peña & La Pocha Nostra, 1985-2004.
=853  00$81$apt.
=863  50$81.1$aA$p31142042580087
=863  50$81.2$aB$p31142042580095
=856  40$uhttp://hdl.handle.net/2333.1/rxwdbs5n
=954  \\$81$aVolumes

