=LDR  05305cgm a2200685 a 4500
=001  000556599
=003  NNU
=004  NYUb13549029
=005  20071210173435.0
=006  m\\\\\\\\z\\\\\\\\
=007  vd\cvaizu
=007  vf\ciahou
=007  cr\cna
=007  cr\|||||||||||
=008  071101s1996\\\\dcu080\\\\\\\\\\\\vlmul\d
=024  7\$aHI2005_075_01$2nyu-hidvl
=024  7\$aHI2005.075_01$2nyu-hidvl
=040  \\$aNNU$cNNU$eamim
=041  0\$aeng$aspa
=043  \\$an-us---$an-us-dc
=245  04$aThe dangerous border game$h[videorecording]
=260  \\$c1996 Mar.
=300  \\$3master.$a1 videocassette of 1 (Digital Betacam) (80 min.) :$bsd., col. ;$c1/2 in.
=300  \\$3viewing copy.$a1 videodisc of 1 (DVD) (80 min.) :$bsd., col. ;$c4 3/4 in.
=490  1\$aFrom Aztec to High-Tech : the performance video collections of Guillermo Gómez-Peña & La Pocha Nostra, 1985-2004.
=530  \\$aAlso available online as streaming video.
=546  \\$aIn English, Spanish, and Spanglish.
=500  \\$aFrom Aztec to High-Tech: The Performance Video Collections of Guillermo Gómez-Peña & La Pocha Nostra, 1985-2004.
=500  \\$aTitle supplied by Hemispheric Institute.
=500  \\$aPart of the Hemispheric Institute Digital Video Library.
=534  \\$pMedia source original:$e1 videocassette of 1 (VHS) : sd., col. ; 1/2 in. SP.$mMaxell T-120.
=518  \\$aPerformed at Dance Place, Washington, D.C., in Mar. 1996.
=508  \\$aKim Chan, producer ; Abel López, producer ; Nola Mariano, producer ; Guillermo Gómez-Peña, producer, creator ; La Pocha Nostra, producer ; Washington Performing Arts Society, producer ; GALA Hispanic Theater, producer ; Roberto Sifuentes, creator ; Kathleen Gallivan, stage manager.
=511  1\$aGuillermo Gómez-Peña, Roberto Sifuentes, Quique Avilés, Michelle Parkerson, B. Stanley, Sylvana Straw, Cristina King-Miranda.
=520  \\$aThis theatrical performance art piece is the product of a five-year ongoing collaboration between Guillermo Gómez-Peña, Roberto Sifuentes, and a troupe of Washington, D.C. performance artists. Presented by the Washington Performing Arts Society and GALA Hispanic Theater, this 'multi-cultural, end-of-the-century, post-NAFTA, freak show extravaganza' blends narrative, poetry, dance, rap, and performance art in a multi-lingual exploration of cross-cultural, border-crossing issues and debates on multicultural fears and desires, stereotypes, diversity and identity. La Pocha Nostra (www.pochanostra.com) is an ever-morphing trans-disciplinary arts organization, founded in 1993 by Guillermo Gómez-Peña, Roberto Sifuentes, and Nola Mariano in California. The objective was to formally conceptualize Gómez-Peña's collaborations with other performance artists. It provides a base (and forum) for a loose network of rebel artists from various disciplines, generations and ethnic backgrounds, whose common denominator is the desire to cross and erase dangerous borders between art and politics, practice and theory, artist and spectator. As of June 2006, members include performance artists Guillermo Gómez-Peña, Violeta Luna, Michelle Ceballos, and Roberto Sifuentes; curators Gabriela Salgado and Orlando Britto; and over thirty associates worldwide in countries such as Mexico, Spain, the UK, and Australia. Projects range from performance solos and duets to large-scale performance installations including video, photography, audio, and cyber-art. La Pocha collaborates across national borders, race, gender and generations. Their collaborative model functions both as an act of citizen diplomacy and as a means to create ephemeral communities of like-minded rebels. The basic premise of these collaborations is founded on an ideal: If we learn to cross borders on stage, we may learn how to do so in larger social spheres. La Pocha strives to eradicate myths of purity and dissolve borders surrounding culture, ethnicity, gender, language, and métier. These are radical acts.
=540  \\$aThere are copyright restrictions on this collection. For more information, go to the online version of this video.
=650  \0$aStereotypes (Social psychology)
=650  \0$aMulticulturalism$zUnited States.
=650  \0$aBorder crossing$zUnited States.
=650  \0$aSideshows$zWashington (D.C.).
=650  \0$aFreak shows$zWashington (D.C.).
=655  \7$aPerformance.$2nyu-hidvl
=655  \7$aPerformance art.$2nyu-hidvl
=655  \7$aBorder art.$2nyu-hidvl
=655  \7$aTheater.$2nyu-hidvl
=655  \7$aSideshow.$2nyu-hidvl
=655  \7$aReverse anthropology.$2nyu-hidvl
=700  1\$aGómez-Peña, Guillermo.$4pro$4cre$4prf
=700  1\$aSifuentes, Roberto,$d1967-$4cre$4prf
=710  2\$aGALA Hispanic Theatre (Washington, D.C.)
=710  2\$aWashington Performing Arts Society.
=710  2\$aPocha Nostra.
=710  2\$aHemispheric Institute Digital Video Library.
=830  \0$aFrom Aztec to High-Tech : the performance video collections of Guillermo Gómez-Peña & La Pocha Nostra, 1985-2004.
=856  40$uhttp://hdl.handle.net/2333.1/d2547dj5

