=LDR  06032cgm a2200685 a 4500
=001  000563584
=003  NNU
=004  NYUb13556636
=005  20100517113903.0
=006  m\\\\\\\\z\\\\\\\\
=007  vd\cvaizu
=007  vf\ciahou
=007  cr\cna
=007  cr\|||||||||||
=008  071121e19961206nyu030\\\\\\\\\\\\vleng\d
=024  7\$aHI2005_042_01$2nyu-hidvl
=024  7\$aHI2005.042_01$2nyu-hidvl
=035  \\$a(NYU)NYUb13556636
=040  \\$aNNU$cNNU$eamim
=245  00$aNative America :$bThunderbird American Indian Dancers & Indigenous$h[videorecording].
=246  30$aThunderbird American Indian Dancers & Indigenous
=246  3\$aNative America (cable network show)
=246  3\$iTitle on DVD title screen:$aThunderbird American Indian Dancers and Indigenous
=260  \\$c1996 Dec. 6.
=300  \\$3master.$a1 videocassette of 1 (Digital Betacam) (30 min.) :$bsd., col. ;$c1/2 in.
=300  \\$3viewing copy.$a1 videodisc of 1 (DVD) (30 min.) :$bsd., col. ;$c4 3/4 in.
=490  1\$aAmerican Indian Community House collection
=530  \\$aAlso available online as streaming video.
=500  \\$aTitle supplied by Hemispheric Institute.
=500  \\$aPart of the Hemispheric Institute Digital Video Library.
=534  \\$pMedia source original:$e1 videocassette of 1 (VHS) : analog sd., col. ; 1/2 in.
=518  \\$aRecorded at The American Indian Community House, New York City, on Dec. 6, 1996.
=508  \\$aAmerican Indian Community House, producer ; Thunderbird American Indian Dancers, creators ; Indigenous (Native American blues-rock group), creators ; Devorah Hill, videographer, editor.
=511  1\$aIndigenous, Thunderbird American Indian Dancers.
=520  \\$aFor several years the American Indian Community House (AICH) produced a cable network show titled 'Native America.' Performances in the Circle at AICH were videotaped, edited, and aired on the Manhattan Neighborhood Network in half hour segments. This episode of 'Native America' contains a performance by members of the Thunderbird American Indian Dancers, the first piece features two female dancers and the second, two male - in both, one dancer does traditional Native dance while the other does improvisational dance. The male dancers are Louis Mofsie (Hopi/Winnebago) and Michael Taylor (Delaware). The episode also features the Native American blues-rock group 'Indigenous,' which consists of three brothers, Mato Nanji (vocals and guitar), Pte (bass), Horse (percussion), and their sister, Wanbdi (drums, vocals). The siblings are members of the Nakota Nation and grew up on the Yankton Indian Reservation in South Dakota. The Thunderbird American Indian Dancers traces its roots back to a group of teenagers called the Little Eagles, which included director Louis Mofsie. Each member had a very distinct and different cultural background and as a group they were determined to first learn and preserve the songs and dances of their own tribes and then to branch out to include those of other tribes. As adults, the Little Eagles transformed themselves into the Thunderbird American Indian Dancers. Today, the Thunderbird's annual powwow, performance, and auction raise critical scholarship money for Indian students. Now over 30 years old, the group brings the beauty of traditional Native American culture to both American Indian and non-Indian audiences. Specializing in a variety of distinct regional tribal dances, their performances are wonderfully presented with narrative stories. The American Indian Community House (AICH) is an urban Indian center that services the needs of the Native people living in New York City and welcomes Native visitors to the city. AICH was founded in 1969 and has become a de facto 'neighborhood' serving as a meeting place for the diverse Native community of the New York City area. The Community House offers a variety of services ranging from substance abuse and HIV counseling, to career assistance. It is also home to the only Indian owned and operated art gallery in New York City. The AICH's Performing Arts Department has become an important resource for Native visual and performance artists. Through its programming, performance has become an important educational vehicle, both for the Native and non-Native NY community. The Badger's Corner, initiated in the 1980's, is an education-via-entertainment vehicle for the AICH's visual and performing arts department programs. Taking its name from the Pueblo legend of the four-legged creature who led the Pueblo people out of the underworld after the great flood, the intent of its programming is to inform and challenge people to rethink their concept(s) of Native American people and customs. All performances at AICH are presented under the auspices of the Badger's Corner.
=540  \\$aThere are copyright restrictions on this collection. For more information, go to the online version of this video.
=650  \0$aIndians in the performing arts.
=650  \0$aIndian dance.
=650  \0$aImprovisation in dance.
=650  \0$aIndians$vMusic.
=650  \0$aIndian musicians.
=650  \0$aRock music.
=650  \0$aRock musicians.
=653  \\$aAmerican Indian performing arts
=655  \7$aPerformance.$2nyu-hidvl
=655  \7$aNative cable network show.$2nyu-hidvl
=655  \7$aNative rock music.$2nyu-hidvl
=655  \7$aTraditional Native dance.$2nyu-hidvl
=655  \7$aIndigenous performance.$2nyu-hidvl
=700  1\$aHill, Devorah.$4vdg$4edt
=710  2\$aThunderbird American Indian Dancers.$4cre$4prf
=710  2\$aIndigenous (Musical group)$4cre$4prf
=710  2\$aAmerican Indian Community House (New York, N.Y.)$4pro
=710  2\$aHemispheric Institute Digital Video Library.
=830  \0$aAmerican Indian Community House collection.
=856  40$uhttp://hdl.handle.net/2333.1/fqz612v7

