=LDR  06000cgm a2200721 a 4500
=001  000564325
=003  NNU
=004  NYUb13557419
=005  20080408164003.0
=006  m\\\\\\\\z\\\\\\\\
=007  vd\cvaizu
=007  vf\ciahou
=007  cr\cna
=007  cr\|||||||||||
=008  071127e19961118nyu030\\\\\\\\\\\\vleng\d
=024  7\$aHI2005_059_01$2nyu-hidvl
=024  7\$aHI2005.059_01$2nyu-hidvl
=040  \\$aNNU$cNNU$eamim
=245  00$aNative America$h[videorecording] :$bUlali & the SilverCloud Singers.
=246  30$aUlali & the SilverCloud Singers
=246  3\$aNative America (cable network show)
=246  1\$iTitle on DVD menu screen:$aUlali and The Silver Cloud Singers
=246  1\$iTitle at beginning of recording:$aAmerican Indian Community House presents :$bNative America : an evening with Ulali & the Silver Cloud Singers
=260  \\$c1996 Nov. 18.
=300  \\$3master.$a1 videocassette of 1 (Digital Betacam) (30 min.) :$bsd., col. ;$c1/2 in.
=300  \\$3viewing copy.$a1 videodisc of 1 (DVD) (30 min.) :$bsd., col. ;$c4 3/4 in.
=490  1\$aAmerican Indian Community House collection
=530  \\$aAlso available online as streaming video.
=500  \\$aTitle supplied by Hemispheric Institute.
=500  \\$aPart of the Hemispheric Institute Digital Video Library.
=534  \\$pMedia source original:$e1 videocassette of 1 (S-VHS) : analog sd., col. ; 1/2 in.
=518  \\$aRecorded at The American Indian Community House, New York City, on Nov. 18, 1996.
=508  \\$aAmerican Indian Community House, producer ; Manhattan Neighborhood Network, producer ; SilverCloud Singers, creator ; Ulali, creator ; Devorah Hill, editor ; Lance Richmond, videographer.
=511  0\$aUlali, SilverCloud Singers, performers.
=520  \\$aFor several years the American Indian Community House (AICH) produced a cable network show titled 'Native America.' Select performances in the Circle at AICH were videotaped, edited, and aired on the Manhattan Neighborhood Network in half hour segments. This episode contains performances by Ulali and the Silvercloud Singers. Ulali (www.ulali.com), formerly known as Pura Fe, is an a cappella women's trio featuring three Native women singers, Pura Fe (Tuscarora), Soni Moreno (Apache/Mayan) and Jennifer Kreisberg (Tuscarora). Ulali blends a variety of traditional and contemporary indigenous music of the Americas, incorporating political, social and personal issues that affect all of humanity. By fusing outside influences with Native words and music, Ulali challenges notions of how 'traditional' words and concepts are applicable in the modern world. The group can be heard on dozens of albums, documentaries and movies. The SilverCloud Singers (www.silvercloudsingers.com) are an intertribal Native American singing & dance troupe weaving the traditional with the contemporary of Native song & dance. SilverCloud was founded in 1991 and takes its name in tribute of Josephine Mofsie Tarrant, the mother of founding members Kevin Tarrant and Michael Tarrant, and current members Donald Tarrant and Judy Tarrant Fields. The singers of SilverCloud come from many tribes, and from many parts of the U.S and Canada. The group was started with the intention of using traditional methods of Native culture as a means to educate through song and dance. The American Indian Community House (AICH) is an urban Indian center that services the needs of the Native people living in New York City and welcomes Native visitors to the city. AICH was founded in 1969 and has become a de facto 'neighborhood' serving as a meeting place for the diverse Native community of the New York City area. The Community House offers a variety of services ranging from substance abuse and HIV counseling, to career assistance. It is also home to the only Indian owned and operated art gallery in New York City. The AICH's Performing Arts Department has become an important resource for Native visual and performance artists. Through its programming, performance has become an important educational vehicle, both for the Native and non-Native NY community. The Badger's Corner, initiated in the 1980's, is an education-via-entertainment vehicle for the AICH's visual and performing arts department programs. Taking its name from the Pueblo legend of the four-legged creature who led the Pueblo people out of the underworld after the great flood, the intent of its programming is to inform and challenge people to rethink their concept(s) of Native American people and customs. All performances at AICH are presented under the auspices of the Badger's Corner.
=540  \\$aThere are copyright restrictions on this collection. For more information, go to the online version of this video.
=650  \0$aIndians in the performing arts.
=650  \0$aIndians$vMusic.
=650  \0$aIndian musicians.
=653  \\$aNative American performing arts
=653  \\$aAmerican Indian music
=655  \7$aPerformance.$2nyu-hidvl
=655  \7$aNative cable network show.$2nyu-hidvl
=655  \7$aAmerican Indian music.$2nyu-hidvl
=655  \7$aContemporary Native American music.$2nyu-hidvl
=655  \7$aTraditional Native music.$2nyu-hidvl
=655  \7$aA cappella.$2nyu-hidvl
=655  \7$aInter-tribal music.$2nyu-hidvl
=700  1\$aHill, Devorah.$4edt
=700  1\$aRichmond, Lance.$4vdg
=700  0\$aPura Fé$4prf
=710  2\$aUlali (Musical group)$4cre$4prf
=710  2\$aSilvercloud Singers.$4cre$4prf
=710  2\$aManhattan Neighborhood Network.$4pro
=710  2\$aAmerican Indian Community House (New York, N.Y.)$4pro
=710  2\$aHemispheric Institute Digital Video Library.
=830  \0$aAmerican Indian Community House collection.
=856  40$uhttp://hdl.handle.net/2333.1/80gb5mtg

