=LDR  04059cgm a2200493 a 4500
=001  003808915
=005  20140421222853.0
=006  m\\\\\\\\c\\\\\\\\
=007  cr\cna|||m|||a
=007  cr\|||||||||||
=008  130825e19961115mau060\\\\\\\\s\\\vleng\d
=024  7\$aHI2012_036_02$2nyu-hidvl
=040  \\$aNNU$beng$cNNU
=041  0\$aeng
=043  \\$an-us---
=245  00$aCombination skin$h[videorecording] /$cRoberta Uno, director ; New WORLD Theater, producer ; Lisa Jones, playwright.
=260  \\$c1996 Nov. 15.
=300  \\$3viewing copy.$astreaming video (59 min., 35 sec.) :$bsd., col.
=490  1\$aNew WORLD Theater collection
=546  \\$aIn English.
=500  \\$aTitle supplied by Hemispheric Institute.
=500  \\$aPart of the Hemispheric Institute Digital Video Library.
=518  \\$aPerformed at the Bowker Auditorium at the University of Massachusetts in Amherst, Massachusetts, on November 15, 1996.
=508  \\$aPhillip Baldwin, set designer ; Justin Townsend, lighting designer ; Kiki Smith, costume designer.
=511  1\$aBonita Oliver, Ernessa T. Carter, Michael Proctor, Angel Hardy, Rebecca Hershey, Michelle Rousseau, performers.
=520  \\$a‘Combination Skin,’ written by Lisa Jones and directed by Roberta Uno, explores the racial politics that has been imposed upon black individuals, proposing ‘Who says it's the black man’s burden to be black.’ Taking a look to historical figures and racial stereotypes, the conversations on stage go towards black skin tonality, discussing if ‘combination skin’ defines, or not, our own identities. Even more, whiteness as a counterpart of black identity is brought as a desired space for hiding the skin color that is related to negativity, and ‘dreaming of a white life.’ Playing with irony, and acknowledging that the fears embedded in centuries of a history of oppression are not easy to dissolve, the characters engage within a game show scenario that announces the winners of the whitest black person – a gesture that moves between sarcasm and despair.
=520  \\$aFrom 1979-2009, the New WORLD Theater worked at the intersection of artistic practice, community engagement, scholarship, and activism toward a vision of a ‘new world’ - one that broke the confines of multiculturalism and was an artistic harbinger of America’s shifting demographics. From a geographic ‘outpost’ in New England, New WORLD Theater evolved from a community organizing project and the Northeast point on a theater touring compass, to a protective studio to hone new work, a site of international intersections from South Africa to the South Bronx, and the home of inspired and rigorous collaborations with Western Massachusetts youth. New performance work development at New WORLD defied the conventional theater play lab as ghetto for artists of color; artists were met where they wanted to be in the imagining of new approaches, methods, and production. One of New WORLD Theater’s artistic legacies is Project 2050, an early call to imagine the U.S. demographic shift, with people of the future - youth, in equal collaboration with artists and scholars.
=534  \\$pMedia source original:$e1 videocassette of 1 (VHS) : sd., col. ; 1/2 in. LP.$mRCA T-120H
=540  \\$aThere are copyright restrictions on this collection. For more information, go to the online version of this video.
=650  \0$aBlacks$xRace identity
=650  \0$aAfrican Americans$xRace identity
=650  \0$aHuman skin color$xSocial aspects.
=650  \0$aIdentity politics.
=650  \0$aStereotypes (Social psychology)
=651  \0$aUnited States$xRace relations
=655  \7$aPerformance.$2nyu-hidvl
=655  \7$aTheater.$2nyu-hidvl
=700  1\$aJones, Lisa,$d1964-$4aus
=700  1\$aUno, Roberta,$d1956-$4drt
=710  2\$aNew WORLD Theater.$4pro
=710  2\$aHemispheric Institute Digital Video Library.
=830  \0$aNew WORLD Theater collection.
=856  40$uhttp://hdl.handle.net/2333.1/wstqjrwf

