=LDR  03808cgm  22007575a 4500
=001  000509445
=003  NNU
=004  NYUb13497660
=005  20140421143338.0
=006  m\\\\\\\\z\\\\\\\\
=007  vd\cvaizu
=007  vf\ciahou
=007  cr\cna
=007  \\vd
=007  cr\|||||||||||
=008  070515e199610uunyu138\\\\\\\\\\\\vlspa\d
=024  7\$aHI2006_102_A_01$2nyu-hidvl
=024  7\$aHI2006_102_B_01$2nyu-hidvl
=024  7\$aHI2006.102_01_A$2nyu-hidvl
=040  \\$aNNU$cNNU$eamim
=041  1\$aspa$aeng$hspa$heng
=245  00$aMigración$h[videorecording].
=260  \\$c1996 Oct.
=300  \\$a2 videocassettes of 2 (Digital Betacam) (138 min.) :$bsd., col. ;$c1/2 in.$3master.
=300  \\$a2 videodiscs of 2 (DVD) (138 min. : pt.A, 84 min. ; pt.B, 54 min.) :$bsd., col. ;$c4 3/4 in.$3viewing copy.
=490  1\$aFOMMA video collection
=530  \\$aAlso available online as streaming video.
=546  \\$aIn Spanish, with introductory and closing remarks in English ; Q & A in Spanish/English translation.
=500  \\$aPart B contains Q & A.
=500  \\$aTitle supplied by Hemispheric Institute.
=500  \\$aPart of the Hemispheric Institute Digital Video Library.
=534  \\$pMedia source original:$e1 videocassette of 1 (VHS) : sd., col. ; 1/2 in. SP.$mMaxell.
=518  \\$aPerformed at the Minor Latham Playhouse, Barnard College, New York City, in Oct. 1996.
=508  \\$aFortaleza de la Mujer Maya (FOMMA), producer ; Isabel Juarez Espinosa, writer.
=511  1\$aIsabel Juárez Espinosa, Petrona de la Cruz Cruz, María Pérez Sántiz, María Francisca Oseguera Cruz.
=520  \\$aFOMMA - Fortaleza de la Mujer Maya - is a collective of Mayan women who use theater as a tool for education and community building. They are performers, playwrights, and teachers who tour their work in their communities and internationally, performing plays that focus on women's and indigenous rights, literacy, cultural survival, ecology, health, and education in the Tzeltal and Tzotzil indigenous languages. 'Migración' tackles the issues that result from an increasingly common phenomenon in which indigenous people leave their subsistence farms in order to seek higher paying jobs in nearby cities. The loss of support from communities, the racism and discrimination indigenous people face in the cities, and the disintegration of relationships in the face of new hardships are all themes explored within the play. The performance is followed by a Q & A.
=540  \\$aThere are copyright restrictions on this collection. For more information, go to the online version of this video.
=650  \0$aTheater$zMexico.
=650  \0$aMigration, Internal.
=650  \0$aInternally displaced persons.
=650  \0$aDiscrimination.
=650  \0$aIndigenous women.
=650  \0$aIndigenous peoples.
=653  \\$aCommunity organizing
=653  \\$aDisplacement
=653  \\$aIndigenous theater
=655  \7$aPerformance.$2nyu-hidvl
=655  \7$aTheater.$2nyu-hidvl
=655  \7$aCommunity theater.$2nyu-hidvl
=655  \7$aIndigenous theater.$2nyu-hidvl
=655  \7$aNative women's theater.$2nyu-hidvl
=655  \7$aMexican theater.$2nyu-hidvl
=700  1\$aJuárez Espinosa, Isabel,$d1958-$4aut$4prf
=710  2\$aFortaleza de la Mujer Maya (Organization)$4pro
=710  2\$aHemispheric Institute Digital Video Library.
=830  \0$aFOMMA video collection.
=853  00$81$apt.
=863  50$81.1$aA$p31142045835587
=863  50$81.2$aB$p31142045835579
=856  40$uhttp://hdl.handle.net/2333.1/3xsj3v3z
=954  \\$81$aVolumes

