=LDR  05168cgm a2200577 a 4500
=001  003964058
=005  20140421225355.0
=006  m\\\\\\\\c\\\\\\\\
=007  cr\cna|||m|||a
=007  cr\|||||||||||
=008  140310s1996\\\\mau015\\\\\\\\s\\\vleng\d
=024  7\$aHI2013_014_01$2nyu-hidvl
=040  \\$aNNU$beng$cNNU
=041  0\$aeng
=245  00$aNew works for a new world$h[videorecording] :$bexcerpts from 'The Bodies Between Us,' 'Chicomoztoc/Mimixcoa: Cloud Serpents,' and 'The Return of Elijah, The African' /$clê thị diem thúy, Elvira Colorado and Hortensia Colorado (Coatlicue Las Colorado), Sekou Sundiata, creators ; Roberta Uno, Olivia Chumacero, Talvin Wilks, directors ; Roberta Uno, Edward Golden, New WORLD Theater, producers.
=260  \\$c1996.
=300  \\$3viewing copy.$astreaming video (14 min., 35 sec.) :$bsd., col.
=490  1\$aNew WORLD Theater collection
=546  \\$aIn English.
=500  \\$aTitle supplied by Hemispheric Institute.
=500  \\$aPart of the Hemispheric Institute Digital Video Library.
=518  \\$aRecorded at the University of Massachusetts in Amherst, Massachusetts, in 1996.
=508  \\$aAmy Montali, videographer.
=520  \\$a‘New Works For a New World’ includes video excerpts of three plays featured by New WORLD Theater’s summer playlab program in 1996. ‘The Bodies Between Us,’ a solo performance by lê thị diem thúy, explores the politics of ‘mixed race’ and generational links through the female body. The piece is a reflection upon relationships with a tradition and racial and ethnic backgrounds as the legacy inherited from ancestors, and what would be given, in turn, to future generations born in the wake of diasporic and migration movements. ‘Chicomoztoc/Mimixcoa: Cloud Serpents,’ by Elvira Colorado and Hortencia Colorado, from Coatlicue Theater Company, is a work-in-progress that discusses the metaphorical relationship between railroad tracks and a family history marked by migration. ‘Las Colorado’ explain the piece as being ‘a journey through dreams, stories, time and memory, across mountains and deserts, retracing the footsteps of the ancestors, traveling back to Chicomoztoc (the place of our origin), searching, digging up and gathering stories that have been buried through centuries of shame and denial in our family, but which connect us to our past and identity. Some stories/secrets remain buried, and they are also part of who we are.’ ‘The Return of Elijah, The African,’ by Sekou Sundiata, interweaves spoken word with jazz singers and band. Music and poetry recount together the origins of slavery, as well as the evils of master-slave dynamics of oppression. ‘New Works For a New World’ constitutes a complex canvas that encompasses the power of diverse languages: the language of the body, the language in translation, the language of music, and the transformative sound of meaningful voices.
=520  \\$aFrom 1979-2009, the New WORLD Theater worked at the intersection of artistic practice, community engagement, scholarship, and activism toward a vision of a ‘new world’—one that broke the confines of multiculturalism and was an artistic harbinger of America’s shifting demographics. From a geographic ‘outpost’ in New England, New WORLD Theater evolved from a community organizing project and the Northeast point on a theater touring compass, to a protective studio to hone new work, a site of international intersections from South Africa to the South Bronx, and the home of inspired and rigorous collaborations with Western Massachusetts youth. New performance work development at New WORLD defied the conventional theater play lab as ghetto for artists of color; artists were met where they wanted to be in the imagining of new approaches, methods, and production.
=534  \\$pMedia source original:$e1 videocassette of 1 (VHS) : sd., col. ; 1/2 in. SP.$mMaxell P/l Plus T-120.
=540  \\$aThere are copyright restrictions on this collection. For more information, go to the online version of this video.
=650  \0$aPerformance art$xPolitical aspects.
=650  \0$aAsian American art$xPolitical aspects.
=650  \0$aRacially mixed people$xPolitical aspects.
=650  \0$aIndigenous women$xPolitical aspects.
=650  \0$aIndian theater.
=650  \0$aStorytelling.
=650  \0$aFolklore.
=650  \0$aAfrican American art$xPolitical aspects.
=650  \0$aSlavery$xPolitical aspects.
=655  \7$aPerformance.$2nyu-hidvl
=700  1\$aLê, Thi Diem Thúy,$d1972-$4cre$4prf
=700  1\$aColorado, Elvira.$4cre$4prf
=700  1\$aColorado, Hortencia.$4cre$4prf
=700  1\$aSundiata, Sekou.$4cre$4prf
=700  1\$aUno, Roberta,$d1956-$4drt$4pro
=700  1\$aChumacero, Olivia.$4drt
=700  1\$aWilks, Talvin.$4drt
=700  1\$aGolden, Edward.$4pro
=710  2\$aCoatlicue Theater Company.$4cre$4prf
=710  2\$aNew WORLD Theater.$4pro
=710  2\$aHemispheric Institute Digital Video Library.
=830  \0$aNew WORLD Theater collection.
=856  40$uhttp://hdl.handle.net/2333.1/tx95x84k

