=LDR  04195cgm a2200661 a 4500
=001  003733054
=004  003733054
=005  20130321113423.0
=006  m\\\\\\\\c\\\\\\\\
=007  vd\cvaizu
=007  cr\cna|||m|||a
=007  cr\|||||||||||
=007  vd\cvaizu
=008  130321e19960309cau091\\\\\\\\\\\\vleng\d
=024  7\$aHI2010_082_01$2nyu-hidvl
=024  7\$aHI2010_083_01$2nyu-hidvl
=024  7\$aHI2010.082_01$2nyu-hidvl
=024  7\$aHI2010.083_01$2nyu-hidvl
=040  \\$aNNU$beng$cNNU
=041  0\$aeng$aspa
=245  04$aThe immaculate conception$h[videorecording] :$boriginal, first version /$cLatina Theatre Lab (Jaime Lujan), producer ; Dena Martinez, director ; Latina Theatre Lab Ensemble, creator ; Tessa Koning-Martinez, assistant director.
=260  \\$c1996 Mar. 9.
=300  \\$3viewing copy.$a2 videodiscs of 2 (DVD) (90 min., 48 sec.: pt.1, 57 min., 15 sec.; pt.2, 33 min., 33 sec.) :$bsd., col. ;$c4 3/4 in.
=490  1\$aLatina Theatre Lab collection
=546  \\$aIncludes English and Spanish.
=500  \\$aTitle supplied by Hemispheric Institute.
=500  \\$aPart of the Hemispheric Institute Digital Video Library.
=518  \\$aPerformed at the Brava! for Women in the Arts' Studio Theater in San Francisco, California, on March 9, 1996.
=508  \\$aErica Lopez, illustrator ; Margo Reed, stage manager ; Lynn Messenger, sound designer ; Alexandra Vazquez, lighting designer ; Wilma Bonet, set designer.
=511  1\$aWilma Bonet, Cat Callejas, Cristina Frias, Tessa Koning-Martinez, Jaime Lujan, Dena Martinez, Andrea Cristina Thome, Leedia Urteaga, performers.
=520  \\$aThe Immaculate Conception is a play that explores Virgin, Mother, Whore mythology and stereotypes. Body types and image topics were developed in a workshop: What does a Virgin look like? A Whore? A Latina? Do we get these ideas from magazines? Television? Men? Each other? Is there a God? A Goddess? And why are all Latinas expected to know how to salsa dance??? Latina Theatre Lab was one of the first and only all-Latina collective of writers, performers, and directors in the U.S. Their performance-sketch work dealt with pop culture, immigration, cross-cultural identities, and the complexities of 'being Latina.' The group was founded in 1994 by four San Francisco Bay Area actresses: Dena Martinez, Jaime Lujan, Tessa Koning-Martinez and Wilma Bonet. Their purpose was to create theater that would go beyond the ever shrinking and limited range of roles for which Latina actresses were being considered. These roles were scarce, and rarely defied stereotypes. From 1994-1999, Latina Theatre Lab's work played with these cultural and gender stereotypes, exploring the legacies they inherited both as Latinas and as women. They also collaborated with fellow comedy troupes in California, such as Culture Clash, the Asian American Theater Company, and the 18 Mighty Mountain Warriors.
=530  \\$aAlso available online as streaming video.
=534  \\$pMedia source original:$e2 videocassettes of 2 (Mini DV) : sd., col. ; 1/4 in. SP.$mPanasonic DVM60.
=540  \\$aThere are copyright restrictions on this collection. For more information, go to the online version of this video.
=650  \0$aIdentity politics.
=650  \0$aGender identity.
=650  \0$aHispanic American women$xEthnic identity.
=650  \0$aSexism.
=650  \0$aStereotypes (Social psychology)
=650  \0$aCultural awareness.
=650  \0$aHispanic American women artists.
=653  \\$aLatina artists.
=655  \7$aPerformance.$2nyu-hidvl
=655  \7$aTheater.$2nyu-hidvl
=655  \7$aMultimedia.$2nyu-hidvl
=655  \7$aPolitical parody.$2nyu-hidvl
=700  1\$aLujan, Jaime.$4pro$4prf
=700  1\$aMartinez, Dena.$4drt$4prf
=700  1\$aKoning-Martinez, Tessa.$4drt$4prf
=710  2\$aLatina Theatre Lab.$4pro$4cre$4prf
=710  2\$aHemispheric Institute Digital Video Library.
=830  \0$aLatina Theatre Lab collection.
=856  40$uhttp://hdl.handle.net/2333.1/sj3txbxr
=853  00$81$adisc
=863  \\$81.1$a1
=863  \\$81.2$a2

