=LDR  06575cgm a2200709 a 4500
=001  000564120
=003  NNU
=004  NYUb13557205
=005  20080408163932.0
=006  m\\\\\\\\z\\\\\\\\
=007  vd\cvaizu
=007  vf\ciahou
=007  cr\cna
=007  cr\|||||||||||
=008  071127e19961101nyu029\\\\\\\\\\\\vleng\d
=024  7\$aHI2005_053_01$2nyu-hidvl
=024  7\$aHI2005.053_01$2nyu-hidvl
=035  \\$a(NYU)NYUb13557205
=040  \\$aNNU$cNNU$eamim
=245  00$aNative America :$bSilverCloud Singers & Thunderbird American Indian Dancers$h[videorecording].
=246  30$aSilverCloud Singers & Thunderbird American Indian Dancers
=246  3\$aNative America (cable network show)
=246  3\$iTitle mislabeled on DVD title screen:$aSilver Cloud Singers and Dancers and Thunderbird American Indian
=260  \\$c1996 Nov. 1.
=300  \\$3master.$a1 videocassette of 1 (Digital Betacam) (29 min.) :$bsd., col. ;$c1/2 in.
=300  \\$3viewing copy.$a1 videodisc of 1 (DVD) (29 min.) :$bsd., col. ;$c4 3/4 in.
=490  1\$aAmerican Indian Community House collection
=530  \\$aAlso available online as streaming video.
=500  \\$aTitle supplied by Hemispheric Institute.
=500  \\$aPart of the Hemispheric Institute Digital Video Library.
=534  \\$pMedia source original:$e1 videocassette of 1 (S-VHS) : analog sd., col. ; 1/2 in.
=518  \\$aRecorded in The Circle at The American Indian Community House, New York City, on Nov. 1, 1996.
=508  \\$aAmerican Indian Community House, producer ; SilverCloud Singers, Thunderbird American Indian Dancers, creators ; Laala-Yasmin Matias, videographer, editor.
=511  0\$aSilverCloud Singers, Thunderbird American Indian Dancers, performers ; Kevin Tarrant, lead singer ; Lance Richmond, Randy Whitehead, John Dreher, George Stonefish, drummers & singers.
=520  \\$aFor several years the American Indian Community House (AICH) produced a cable network show titled Native America. Select performances in the Circle at AICH were videotaped, edited, and aired on the Manhattan Neighborhood Network in half hour segments. This episode contains performances by the SilverCloud Singers, an inter-tribal drum group whose members are a part of the Native community of New York City. The SilverClouds perform traditional Native American pow-wow songs and demonstrate three different styles of dances popular at today's pow-wows. Also featured in this episode are the Thunderbird American Indian Dancers. The SilverCloud Singers are an intertribal Native American singing & dance troupe weaving the traditional with the contemporary of Native song & dance. SilverCloud was founded in 1991 and takes its name in tribute of Josephine Mofsie Tarrant, the mother of founding members Kevin Tarrant and Michael Tarrant, and current members Donald Tarrant and Judy Tarrant Fields. The singers of SilverCloud come from many tribes, and from many parts of the U.S and Canada. The group was started with the intention of using traditional methods of Native culture as a means to educate through song and dance. The Thunderbird American Indian Dancers traces its roots back to a group of teenagers called the Little Eagles, which included director Louis Mofsie. Each member had a very distinct and different cultural background and as a group they were determined to first learn and preserve the songs and dances of their own tribes and then to branch out to include those of other tribes. As adults, the Little Eagles transformed themselves into the Thunderbird American Indian Dancers. Today, the Thunderbirds annual powwow, performance, and auction raise critical scholarship money for Indian students. Now over 30 years old, the group brings the beauty of traditional Native American culture to both American Indian and non-Indian audiences. Specializing in a variety of distinct regional tribal dances, their performances are wonderfully presented with narrative stories. The American Indian Community House (AICH) is an urban Indian center that services the needs of the Native people living in New York City and welcomes Native visitors to the city. AICH was founded in 1969 and has become a de facto neighborhood serving as a meeting place for the diverse Native community of the New York City area. The Community House offers a variety of services ranging from substance abuse and HIV counseling, to career assistance. It is also home to the only Indian owned and operated art gallery in New York City. The AICHs Performing Arts Department has become an important resource for Native visual and performance artists. Through its programming, performance has become an important educational vehicle, both for the Native and non-Native NY community. The Badger's Corner, initiated in the 1980s, is an education-via-entertainment vehicle for the AICHs visual and performing arts department programs. Taking its name from the Pueblo legend of the four-legged creature who led the Pueblo people out of the underworld after the great flood, the intent of its programming is to inform and challenge people to rethink their concept(s) of Native American people and customs. All performances at AICH are presented under the auspices of the Badgers Corner.
=540  \\$aThere are copyright restrictions on this collection. For more information, go to the online version of this video.
=650  \0$aIndian dance.
=650  \0$aPowwows.
=650  \0$aPowwow songs.
=653  \\$aNative American dances
=653  \\$aNative American pow-wow
=655  \7$aPerformance.$2nyu-hidvl
=655  \7$aNative cable network show.$2nyu-hidvl
=655  \7$aTraditional Native dance.$2nyu-hidvl
=655  \7$aNative music.$2nyu-hidvl
=655  \7$aNative American pow-wow performances.$2nyu-hidvl
=700  1\$aMatias, Laala-Yasmin.$4vdg$4edt
=700  1\$aTarrant, Kevin.$4sng
=700  1\$aRichmond, Lance.$4mus$4sng
=700  1\$aWhitehead, Randy.$4mus$4sng
=700  1\$aDreher, John.$4mus$4sng
=700  1\$aStonefish, George.$4mus$4sng
=710  2\$aSilvercloud Singers.$4cre$4prf
=710  2\$aThunderbird American Indian Dancers.$4cre$4prf
=710  2\$aAmerican Indian Community House (New York, N.Y.)$4pro
=710  2\$aHemispheric Institute Digital Video Library.
=830  \0$aAmerican Indian Community House collection.
=856  40$uhttp://hdl.handle.net/2333.1/1g1jwt0r

