=LDR  05481cgm a2200817 a 4500
=001  000563066
=003  NNU
=004  NYUb13556060
=005  20140421142048.0
=006  m\\\\\\\\z\\\\\\\\
=007  vd\cvaizu
=007  vf\ciahou
=007  cr\cna
=007  \\vd
=007  cr\|||||||||||
=008  071120e19960610nyu116\\\\\\\\\\\\vleng\d
=024  7\$aHI2005_031_A_01$2nyu-hidvl
=024  7\$aHI2005_031_B_01$2nyu-hidvl
=024  7\$aHI2005.031_01_A$2nyu-hidvl
=035  \\$a(NYU)NYUb13556060
=040  \\$aNNU$cNNU$eamim
=245  04$aThe AICH variety show$h[videorecording].
=260  \\$c1996 June 10.
=300  \\$3master.$a2 videocassettes of 2 (Digital Betacam) (116 min.) :$bsd., col. ;$c1/2 in.
=300  \\$3viewing copy.$a2 videodiscs of 2 (DVD) (116 min. : pt.A, 91 min. ; pt.B, 25 min.) :$bsd., col. ;$c4 3/4 in.
=490  1\$aAmerican Indian Community House collection
=530  \\$aAlso available online as streaming video.
=500  \\$aTitle supplied by Hemispheric Institute.
=500  \\$aPart of the Hemispheric Institute Digital Video Library.
=534  \\$pMedia source original:$e1 videocassette of 1 (VHS) : analog sd., col. ; 1/2 in.
=518  \\$aPerformed at The American Indian Community House, New York City, on June 10, 1996.
=508  \\$aAmerican Indian Community House, producer.
=511  0\$aMuriel Miguel, Lisa Mayo, Steve Elm, Paula Poulafearh, Gloria Miguel, Brandon Tubby, Chan (a.k.a. Tony Spotten), Diane Burns, Robert Mitchell, Nicole Bennett Carrese Gullo, performers ; Tonya Gonella Frischner, introduction/host.
=520  \\$aThe AICH presents its 1996 Variety Show, hosted by Tonya Gonnella Frischner (Onondaga, Snipe Clan). Performers include: Lisa Mayo's (Kuna/Rappahannock) solo performance, 'Daughters from the Stars: Nis Bundor', Steve Elm's (Oneida), one-man show, 'Stagestruck', Mezzo-soprano, Paula Poulafearh (Tuscarora), Gloria Miguel's (Kuna Rappahannock) one-woman show, 'One Voice', Guitarist Brandon Tubby (Cherokee/Lakota/Powhatan), Chan a.k.a. Tony Spotten's (Maliseet) one-man show, 'Whole Buffalo', Poet Diane Burns (Ojibwa/Chemehuevi), Singer Robert Mitchell, a duet by Nicole Bennett (Montauk) and Carrese Gullo, Muriel Miguel's (Kuna/Rappahannock) one-woman show, 'Trail of the Otter', and Dance Troupe Rebecca Romero (Cherokee) & Co's performance 'Big Girl, Little Girl'. The American Indian Community House (AICH) is an urban Indian center that services the needs of the Native people living in New York City and welcomes Native visitors to the city. 
=520  \\$aAICH was founded in 1969 and has become a de facto 'neighborhood' serving as a meeting place for the diverse Native community of the New York City area. The Community House offers a variety of services ranging from substance abuse and HIV counseling, to career assistance. It is also home to the only Indian owned and operated art gallery in New York City. The AICH's Performing Arts Department has become an important resource for Native visual and performance artists. Through its programming, performance has become an important educational vehicle, both for the Native and non-Native NY community. The Badger's Corner, initiated in the 1980s, is an education-via-entertainment vehicle for the AICH's visual and performing arts department programs.   
=520  \\$aTaking its name from the Pueblo legend of the four-legged creature who led the Pueblo people out of the underworld after the great flood, the intent of its programming is to inform and challenge people to rethink their concept(s) of Native American people and customs. All performances at AICH are presented under the auspices of the Badger's Corner. 'Indian Summer' is an annual event at AICH and an occasion for artists to present their latest works to the community and the general public. All performers, whether new to the field or veteran practitioners, are encouraged to present their work.  
=540  \\$aThere are copyright restrictions on this collection. For more information, go to the online version of this video.
=650  \0$aIndians in the performing arts.
=650  \0$aIndian theater.
=653  \\$aContemporary Native performances
=653  \\$aAmerican Indian performers
=653  \\$aNative American performing arts
=653  \\$aIndigenous performance
=655  \7$aPerformance.$2nyu-hidvl
=655  \7$aVariety show.$2nyu-hidvl
=655  \7$aDance.$2nyu-hidvl
=655  \7$aTheater.$2nyu-hidvl
=655  \7$aNative performance.$2nyu-hidvl
=700  1\$aMiguel, Muriel.$4prf
=700  1\$aMayo, Lisa.$4prf
=700  1\$aElm, Steve.$4prf
=700  1\$aPoulafearh, Paula.$4prf
=700  1\$aMiguel, Gloria.$4prf
=700  1\$aTubby, Brandon.$4prf
=700  1\$aSpotten, Anthony.$4prf
=700  1\$aBurns, Diane.$4prf
=700  1\$aMitchell, Robert.$4prf
=700  1\$aBennett Carrese Gullo, Nicole.$4prf
=700  1\$aGonella Frischner, Tonya.$4cre
=710  2\$aAmerican Indian Community House (New York, N.Y.)$4pro
=710  2\$aHemispheric Institute Digital Video Library.
=830  \0$aAmerican Indian Community House collection.
=853  00$81$apt.
=863  50$81.1$aA$p31142046121565
=863  50$81.2$aB$p31142046121573
=856  40$uhttp://hdl.handle.net/2333.1/r4xgxdcj
=954  \\$81$aVolumes

