=LDR  04565cgm  22007215a 4500
=001  000513557
=003  NNU
=004  NYUb13502230
=005  20090409114817.0
=006  m\\\\\\\\z\\\\\\\\
=007  vd\cvaizu
=007  vf\ciahou
=007  cr\cna
=007  cr\|||||||||||
=007  vd\cvaizu
=008  070605e19960608nyu076\\\\\\\\\\\\vleng\d
=024  7\$aHI2007_006_01$2nyu-hidvl
=024  7\$aHI2007_007_01$2nyu-hidvl
=024  7\$aHI2007.006_01$2nyu-hidvl
=024  7\$aHI2007.007_01$2nyu-hidvl
=035  \\$a(NYU)NYUb13502230
=040  \\$aNNU$cNNU$eamim
=043  \\$an-us-ny$an-us---
=245  00$aMoney amok$h[videorecording].
=260  \\$c1996 June 8.
=300  \\$a2 videocassettes of 2 (Digital Betacam) (76 min.) :$bsd., col. ;$c1/2 in.$3master.
=300  \\$a2 videodiscs of 2 (DVD) (76 min. : pt.1, 63 min. ; pt.2, 13 min.) :$bsd., col. ;$c4 3/4 in.$3viewing copy.
=490  1\$aCircus Amok collection
=530  \\$aAlso available online as streaming video.
=500  \\$aTitle supplied by Hemispheric Institute.
=500  \\$aTitle is preceded and succeeded by three dollar signs.
=500  \\$aPart of the Hemispheric Institute Digital Video Library.
=534  \\$pMedia source original:$e2 videocassettes of 2 (Mini DV) : sd., col. ; 1/4 in. SP.$mPanasonic DVM60.
=518  \\$aPerformed in New York City on June 8, 1996.
=508  \\$aCircus Amok producer ; Jennifer Miller, producer, director.
=511  1\$aCircus Amok, Jennifer Miller.
=520  \\$aVideo documentation of Circus Amok's show, 'Money Amok', performed in 1996 in diverse New York City parks, squares and other public spaces. The piece revolves around the political and social implications of the current U.S.economic climate. Issues like financial monopolies, budget safety nets, financial loopholes, the national debt, the cutting of social programs, the corporate dependence on government handouts, and the unequal distribution of wealth under the idea of 'progress' are all managed in the skits comprising the performance. Through the unveiling of these issues, the piece poses an open call for civic activism and empowerment, a demand for justice and for a revision of the coordinates of American civil life, all interwoven in a joyful extravaganza of acrobatic artistry, satiric skill, and good old-fashioned circus fun. Circus Amok (www.circusamok.org) is a New York City based circus-theater company whose mission is to provide free public art addressing contemporary issues of social justice to the people of NYC. Directed and founded by Jennifer Miller, the group has been together since 1989 bringing its funny, queer, caustic and sexy, political one-ring spectacles to diverse neighborhoods throughout the city. Over the years the traditional circus skills - tight rope walking, juggling, acrobatics, stilt walking, clowning - have been combined with experimental dance, lifesize puppetry, music old and new, and gender-bending performance art and improvisational techniques, creating new meanings for circus while continuing to entertain the crowds of all ages throughout the city streets, gardens, parks, and playgrounds, inviting the audience to join them in envisioning a more empowered life of community interaction while enjoying a queer celebratory spectacle.
=540  \\$aThere are copyright restrictions on this collection. For more information, go to the online version of this video.
=650  \0$aTheater$zMexico.
=650  \0$aCircus$zNew York (State)$zNew York.
=650  \0$aStreet theater$zNew York (State)$zNew York.
=650  \0$aGay theater$zNew York (State)$zNew York.
=650  \0$aSocial justice$zUnited States.
=651  \0$aUnited States$xEconomic conditions$y20th century.
=651  \0$aUnited States$xSocial conditions$y20th century.
=653  \\$aPolitical performance
=655  \7$aPerformance.$2nyu-hidvl
=655  \7$aCircus.$2nyu-hidvl
=655  \7$aStreet theater.$2nyu-hidvl
=655  \7$aPolitical performance.$2nyu-hidvl
=655  \7$aQueer performance.$2nyu-hidvl
=700  1\$aMiller, Jennifer,$d1961-$4pro$4drt$4prf
=710  2\$aCircus Amok.$4pro$4prf
=710  2\$aHemispheric Institute Digital Video Library.
=830  \0$aCircus Amok collection.
=856  40$uhttp://hdl.handle.net/2333.1/7d7wm3gg
=853  00$81$apt.
=863  50$81.1$a1$p31142045843797
=863  50$81.2$a2$p31142045843805

