=LDR  04537cgm a22006375a 4500
=001  000098544
=003  NNU
=004  NYUb13069141
=005  20080408160651.0
=006  m\\\\\\\\z\\\\\\\\
=007  vd|cvaizu
=007  vf|ciahou
=007  cr\|||||||||||
=007  vd
=008  050824e19960420nyu094\\\\\\\\\\\\vleng\d
=024  7\$aHI2005_008_01$2nyu-hidvl
=024  7\$aHI2005.008_01$2nyu-hidvl
=040  \\$aNNU$cNNU$eamim
=043  \\$an------
=245  00$aJohnny Moses at AICH :$bstories for adults$h[videorecording].
=246  1\$iTitle on DVD container label and title screen:$aStories for adults
=260  \\$c1996 Apr. 20.
=300  \\$3viewing copy.$a1 videodisc of 1 (DVD) (94 min.) :$bsd., col. ;$c4 3/4 in.
=300  \\$3master.$a1 videocassette of 1 (Digital Betacam) (94 min.) :$bsd., col. ;$c1/2 in.
=490  1\$aAmerican Indian Community House collection
=500  \\$aTitle supplied by Hemispheric Institute.
=500  \\$aPart of the Hemispheric Institute Digital Video Library.
=530  \\$aAlso available online as streaming video.
=534  \\$pMedia source original:$e1 videocassette of 1 (VHS) : analog sd., mono., col. ; 1/2 in.
=518  \\$aPerformed at The American Indian Community House, New York City, on Apr. 20, 1996.
=508  \\$aAmerican Indian Community House, producer.
=511  0\$aJohnny Moses, storyteller.
=520  \\$aStorytelling remains a strong force in Native American life. Johnny Moses' stories are from several different tribes and relay messages that have informed the lives of Native people for hundreds of years. Johnny Moses (www.johnnymoses.com) is a Tulalip Indian raised in the remote Nuu-chah-nulth village of Ohiat on the west coast of Vancouver Island, B.C., Canada. He is a master storyteller, oral historian and traditional healer and shares his knowledge through storytelling, lectures and workshops. Moses, whose Indian name is Whis.stem.men.knee (Walking Medicine Robe), is fluent in eight Native languages and is a traveling ambassador for the northwest coast cultures. The American Indian Community House (AICH) is an urban Indian center that services the needs of the Native people living in New York City and welcomes Native visitors to the city. AICH was founded in 1969 and has become a de facto neighborhood serving as a meeting place for the diverse Native community of the New York City area. The Community House offers a variety of services ranging from substance abuse and HIV counseling, to career assistance. It is also home to the only Indian owned and operated art gallery in New York City. The AICHs Performing Arts Department has become an important resource for Native visual and performance artists. Through its programming, performance has become an important educational vehicle, both for the Native and non-Native NY community. The Badger's Corner, initiated in the 1980s, is an education-via-entertainment vehicle for the AICHs visual and performing arts department programs. Taking its name from the Pueblo legend of the four-legged creature who led the Pueblo people out of the underworld after the great flood, the intent of its programming is to inform and challenge people to rethink their concept(s) of Native American people and customs. All performances at AICH are presented under the auspices of the Badgers Corner.
=540  \\$aThere are copyright restrictions on this collection. For more information, go to the online version of this video.
=650  \0$aIndian literature$zNorth America.
=650  \0$aFolk literature, Indian$zNorth America.
=650  \0$aStorytelling.
=650  \0$aStorytellers.
=650  \0$aTulalip Indians.
=650  \0$aOral tradition$zNorthwest Coast of North America.
=650  \0$aIndians of North America$zNorthwest Coast of North America$xFolklore.
=650  \0$aAmerican literature.
=655  \7$aPerformance.$2nyu-hidvl
=655  \7$aStorytelling.$2nyu-hidvl
=655  \7$aAmerican Indian adult stories.$2nyu-hidvl
=655  \7$aIndigenous performance.$2nyu-hidvl
=700  1\$aMoses, Johnny.$4stl
=710  2\$aAmerican Indian Community House (New York, N.Y.)$4pro
=710  2\$aHemispheric Institute Digital Video Library.
=830  \0$aAmerican Indian Community House collection.
=856  40$uhttp://hdl.handle.net/2333.1/280gb5t3

