=LDR  05360cgm a2200685 a 4500
=001  000561670
=003  NNU
=004  NYUb13554513
=005  20080408163410.0
=006  m\\\\\\\\z\\\\\\\\
=007  vd\cvaizu
=007  vf\ciahou
=007  cr\cna
=007  cr\|||||||||||
=008  071115e19960614nyu069\\\\\\\\\\\\vleng\d
=024  7\$aHI2005_019_01$2nyu-hidvl
=024  7\$aHI2005.019_01$2nyu-hidvl
=035  \\$a(NYU)NYUb13554513
=040  \\$aNNU$cNNU$eamim
=245  00$aDaughters from the stars :$bNis Bundor$h[videorecording]
=246  33$aSpiderwoman Theater :$bDaughters from the stars
=246  3\$iTitle on DVD cover and title screen:$aSpiderwoman play
=260  \\$c1996 June 14.
=300  \\$3master.$a1 videocassette of 1 (Digital Betacam) (69 min.) :$bsd., col. ;$c1/2 in.
=300  \\$3viewing copy.$a1 videodisc of 1 (DVD) (69 min.) :$bsd., col. ;$c4 3/4 in.
=490  1\$aAmerican Indian Community House collection
=530  \\$aAlso available online as streaming video.
=500  \\$aTitle supplied by Hemispheric Institute.
=500  \\$aPart of the Hemispheric Institute Digital Video Library.
=534  \\$pMedia source original:$e1 videocassette of 1 (VHS) : analog sd., mono., col. ; 1/2 in.
=518  \\$aPerformed at The American Indian Community House, New York City, on June 14, 1996.
=508  \\$aAmerican Indian Community House, producer ; Spiderwoman Theater, creator ; Renee Phillip, director.
=511  1\$aLisa Mayo, Gloria Miguel.
=520  \\$aDaughters from the Stars is a Spiderwoman Theater performance about mending the riffs and misunderstanding created by physical and emotional borders. The performance was written and performed by Brooklyn sisters Gloria Miguel and Lisa Mayo, (Kuna/Rappahannock), whose mother was a Rappahannock Indian from Virginia and father was a Kuna Indian from Panama. Based loosely on the sisters travel to the San Blas Islands (their father's homeland), Daughters relates to their experiences and attempts to connect and integrate family from the North with the South. Daughters emerged from the Lisa Mayos a one woman piece entitled, Voices from the Criss-Cross Bridge. Spiderwoman Theater is the longest continuous running Native female performance group. Comprised of three Kuna/ Rappahannock sisters from Brooklyn, New York, Lisa Mayo, Gloria Miguel, and Muriel Miguel, the group has travel all over the world giving performance, lectures, and workshops. Named after the weaver in the Hopi creation story the sisters storyweave their message in a variety of formats including poetry, dance, theater, and song. The American Indian Community House (AICH) is an urban Indian center that services the needs of the Native people living in New York City and welcomes Native visitors to the city. AICH was founded in 1969 and has become a de facto neighborhood serving as a meeting place for the diverse Native community of the New York City area. The Community House offers a variety of services ranging from substance abuse and HIV counseling, to career assistance. It is also home to the only Indian owned and operated art gallery in New York City. The AICHs Performing Arts Department has become an important resource for Native visual and performance artists. Through its programming, performance has become an important educational vehicle, both for the Native and non-Native NY community. The Badger's Corner, initiated in the 1980s, is an education-via-entertainment vehicle for the AICHs visual and performing arts department programs. Taking its name from the Pueblo legend of the four-legged creature who led the Pueblo people out of the underworld after the great flood, the intent of its programming is to inform and challenge people to rethink their concept(s) of Native American people and customs. All performances at AICH are presented under the auspices of the Badgers Corner. Indian Summer is an annual event at AICH and an occasion for artists to present their latest works to the community and the general public. All performers, whether new to the field or veteran practitioners, are encouraged to present their work.
=540  \\$aThere are copyright restrictions on this collection. For more information, go to the online version of this video.
=650  \0$aIdentity (Psychology)$xPolitical aspects.
=650  \0$aIdentity (Psychology)
=650  \0$aFamilies.
=650  \0$aIndian theater.
=650  \0$aIndian women.
=650  \0$aWomen performance artists.
=653  \\$aIdentity politics
=653  \\$aAmerican Indian performance
=655  \7$aPerformance.$2nyu-hidvl
=655  \7$aTheater.$2nyu-hidvl
=655  \7$aNative theater.$2nyu-hidvl
=655  \7$aNative women's theater.$2nyu-hidvl
=655  \7$aAmerican Indian performance.$2nyu-hidvl
=700  1\$aPhillip, Renee.$4drt
=700  1\$aMayo, Lisa.$4prf
=700  1\$aMiguel, Gloria.$4prf
=710  2\$aSpiderwoman Theatre.$4cre
=710  2\$aAmerican Indian Community House (New York, N.Y.)$4pro
=710  2\$aHemispheric Institute Digital Video Library.
=830  \0$aAmerican Indian Community House collection.
=856  40$uhttp://hdl.handle.net/2333.1/1ns1rnh6

