=LDR  05431cgm a22006255a 4500
=001  000516377
=003  NNU
=004  NYUb13505385
=005  20080129133243.0
=006  m\\\\\\\\z\\\\\\\\
=007  vd\cvaizu
=007  vf\ciahou
=007  cr\cna
=007  cr\|||||||||||
=008  070613e19961122pe\070\\\\\\\\\\\\vlspa\d
=024  7\$aHI2006_033_01$2nyu-hidvl
=024  7\$aHI2006.033_01$2nyu-hidvl
=035  \\$a(NYU)NYUb13505385
=040  \\$aNNU$cNNU$eamim
=043  \\$as-pe---
=245  00$aPrimera cena$h[videorecording].
=246  31$aFirst supper
=260  \\$c1996 Nov. 22.
=300  \\$3master.$a1 videocassette of 1 (Digital Betacam) (70 min.) :$bsd., col. ;$c1/2 in.
=300  \\$3viewing copy.$a1 videodisc of 1 (DVD) (70 min.) :$bsd., col. ;$c4 3/4 in.
=490  1\$aYuyachkani collection
=530  \\$aAlso available online as streaming video.
=546  \\$aIn Spanish.
=500  \\$aTitle supplied by Hemispheric Institute.
=500  \\$aPart of the Hemispheric Institute Digital Video Library.
=534  \\$pMedia source original:$e1 videocassette of 1 (VHS) : sd., col. ; 1/2 in. SP.
=518  \\$aPerformed at Casa Yuyachkani, Lima, Peru, on Nov. 22, 1996.
=508  \\$aGrupo Cultural Yuyachkani, producer ; Teresa Ralli, director.
=511  1\$aAna Correa, Rebeca Ralli, Lucia Lora.
=520  \\$aThis play, directed by Teresa Ralli and created in collaboration with Ana Correa, Rebecca Ralli and Lucia Lora in 1996, explores the interplay between women's subjective realm and the social sphere, in the line of the broader ongoing investigation on women's issues developed by the female members of the Grupo Cultural Yuyachkani. Three friends meet up to cook and share a supper on the last day of the last year of the XXth century, honoring a pact made twenty years before. Only two of the original three friends arrive (the third, a militant worker for human rights, has been murdered); in her place, her daughter (played by Lucia Lora) arrives to honor the pact made by her mother. All three women are in different stages in their lives. The first character (played by Ana Correa) was the top of her class in High School but, upon graduation, she quickly married and had five kids who are her entire life now. The second character (played by Rebecca Ralli) realized her High School dreams by becoming an artist, but stopped painting when she entered into a bad marriage ten years after graduation. The third character, the daughter of the third friend, is resentful because, although her mother had time for the rights of other children, she feels that she never had time for her. The three women revisit their lives and the moments they feel that changed the course of their destiny. They decide that this will be the first supper ('la primera cena') of their new lives. In the middle of dinner, the 'Goddess of the Kitchen' appears (in this play, the kitchen functions as a metaphor for life); the characters revalue the knowledge and wisdom of women (in the context of the space of the kitchen), ultimately inviting the audience to share their first supper with them by eating the soup they were actually cooking on stage. Peru's most important theater collective, Grupo Cultural Yuyachkani (www.yuyachkani.org) has been working since 1971 at the forefront of theatrical experimentation, political performance, and collective creation. 'Yuyachkani' is a Quechua word that means 'I am thinking, I am remembering'; under this name, the theater group has devoted itself to the collective exploration of embodied social memory, particularly in relation to questions of ethnicity, violence, and memory in Peru. The group is comprised of seven actors (Augusto Casafranca, Amiel Cayo, Ana Correa, Débora Correa, Rebeca Ralli, Teresa Ralli, and Julián Vargas), a technical designer (Fidel Melquíades), and an artistic director (Miguel Rubio), who have made a commitment to collective creation as a mode of theatrical production and to group theater as a life style. Their work has been among the most important in Latin America's so called 'New Popular Theater,' with a strong commitment to grass-roots community issues, mobilization, and advocacy. Yuyachkani won Peru's National Human Rights Award in 2000. Known for its creative embrace of both indigenous performance forms as well as cosmopolitan theatrical forms, Yuyachkani offers insight into Peruvian and Latin American theater, and to broader issues of postcolonial social aesthetics.
=540  \\$aThere are copyright restrictions on this collection. For more information, go to the online version of this video.
=650  \0$aWomen performance artists$zPeru.
=650  \0$aWomen$zPeru$vDrama.
=650  \0$aWomen$xSocial life and customs$vDrama.
=650  \0$aFemale friendship$zPeru$vDrama.
=653  \\$aWomen issues
=655  \7$aPerformance.$2nyu-hidvl
=655  \7$aTheater.$2nyu-hidvl
=700  1\$aRalli, Teresa.$4drt
=700  1\$aCorrea, Ana.$4prf
=700  1\$aRalli, Rebeca.$4prf
=700  1\$aLora, Lucia.$4prf
=710  2\$aGrupo Cultural Yuyachkani.$4pro
=710  2\$aHemispheric Institute Digital Video Library.
=830  \0$aYuyachkani collection.
=856  40$uhttp://hdl.handle.net/2333.1/gmsbccb2

