=LDR  06638cgm a2200685 a 4500
=001  001100218
=003  NNU
=004  NYUb12920635
=005  20090408134508.0
=006  m\\\\\\\\z\\\\\\\\
=007  vd|cvaizu
=007  vf|ciahou
=007  vd|cz\hou
=007  cr\|||||||||||
=008  031013s1996\\\\mx\086\\\\\\\\\\\\vlspa\d
=024  7\$aHI2004_034_01$2nyu-hidvl
=024  7\$aHI2004.034_01$2nyu-hidvl
=024  7\$aHI2004.034_01$2nyu-hidvl
=040  \\$aNNU$cNNU$eamim
=041  0\$aspa
=043  \\$an-mx---
=079  \\$a(OCoLC)60954254
=245  00$aCuando el regente nos alcance$h[videorecording] /$cJesusa Rodríguez, writer ; Jesusa Rodríguez, director ; Liliana Felipe, music director.
=246  31$aWhen the regent catches up with us
=260  \\$c1996.
=300  \\$3viewing copy.$a1 videodisc of 1 (DVD) (86 min.) :$bsd., col. ;$c4 3/4 in.
=300  \\$3master.$a1 videocassette of 1 (Digital Betacam) (86 min.) :$bsd., col. ;$c1/2 in.
=490  1\$aEl Hábito collection
=530  \\$aAlso available online as streaming video.
=546  \\$aIn Spanish.
=500  \\$aTitle supplied by Hemispheric Institute.
=500  \\$aPart of the Hemispheric Institute Digital Video Library.
=500  \\$aTitle supplied by Hemispheric Institute.
=534  \\$pMedia source original:$e1 videocassette (VHS) : sd., col. ; 1/2 in.
=518  \\$aRecorded at Teatro Bar El Hábito, Mexico City, Mexico, in 1996.
=508  \\$aJesusa Rodríguez, writer, director, producer ; Liliana Felipe, producer, music director.
=511  0\$aLiliana Felipe, musician.
=511  1\$aJesusa Rodríguez, protagonist.
=520  \\$aIn this solo performance by Jesusa Rodríguez, current pressing social and economic problems affecting Mexico City are discussed in the context of political campaigns to the regency of this city. Economic polarization, failing infrastructure, political corruption, violation of human rights, mass media manipulation of public opinion, the religious prohibition of birth control methods, and a severe drought are topics discussed by a myriad of characters, satiric lyrics, and video inserts projected on the back wall of the stage. Rodríguez mocks Mexico's main political parties (PRI, PAN) and the disparity between their campaign promises and the political corruption that worsens the urban crisis. Several candidates to the regency of the city are proposed, alluding to actual politicians, but expanding the political 'bestiary' to the fabulous 'Chupacabras' (the 'Goatsucker,' invoked to suck the technocrats' blood), 'Babe, el Puerquito Valiente' ('Babe, the Brave Piglet,' a symbol of 'dirty politics'), Keiko the Whale ('all regents are animals... at least this one needs water as much as the rest of the population'), and even resorting to propose Coatlicue, Aztec goddess of life and death (who promises to end privatization, greed, and corruption among 'her children'). An alternative 'History of the Collapse of Tenochtitlan' and the satiric version of Venezuelan folk song 'Alma Llanera' are examples of how this performance confronts streetwise wits with the mirage of urban prosperity advertised by TV commercials, newscasts, and political campaign slogans, acknowledging how electoral decisions affect 'the future of Mexico... if there's such thing.' Mexican director, actress, playwright, performance artist, scenographer, entrepreneur, and social activist Jesusa Rodréguez has been called the most important woman of Mexico. Often referred to as a chameleon, Rodríguez moves seemingly effortlessly and with vigor across the spectrum of cultural forms, styles, and tones. Her espectáculos (as both spectacles and shows) challenge traditional classification, crossing with ease generic boundaries: from elite to popular to mass, from Greek tragedy to cabaret, from pre-Columbian indigenous to opera, from revue, sketch and carpa, to performative acts within political projects. Humor, satire, linguistic play, and the body are constants in her productions. She seeks to render corporal and, thus, visible, the tensions between the discourses in operation on and through the individual and collective body. Rodriguezs energy is intense and her commitment non-negotiable, always interrogating the nature, site, and consequences of power and its representation. Liliana Felipe, one of Latin America's foremost singers and composers, was born in Argentina in the 1950s. She left for Mexico just before the outbreak of the 'Dirty War' (1976), but her sister and brother-in-law were both 'disappeared'--victims of the military dictatorship's criminal politics. Liliana's music has a wide following in Latin America. She continues to be a powerful presence in Argentina, working with human rights organizations--especially H.I.J.O.S. (the organization of the children of the disappeared). In Mexico, Liliana went to one of Jesusa Rodríguez's performances. Jesusa, catching a glimpse of Felipe in the audience, remembers saying to herself: I am going to die with that woman. Since then, Liliana and Jesusa have created two performance spaces, El Cuervo and later El Hábito in Coyoacán, Mexico City, that they still run. They 'married' in February 2000. El Hábito (www.elhabito.com.mx) is a hotbed for intellectuals, feminists, gay rights activists and open-minded, progressive people who want to be engaged by a smart and critical humor. In this off-off space, and with the collaboration of their theater cooperative Las Divas, Jesusa y Liliana have produced hundreds of shows since the 1980s.
=540  \\$aThere are copyright restrictions on this collection. For more information, go to the online version of this video.
=650  \0$aPolitics, Practical$zMexico.
=650  \0$aPolitical campaigns$zMexico.
=650  \0$aElections$zMexico.
=651  \0$aMexico$xPolitics and government$y20th century.
=655  \7$aPerformance.$2nyu-hidvl
=655  \7$aCabaret.$2nyu-hidvl
=655  \7$aTheater.$2nyu-hidvl
=655  \7$aSatire.$2nyu-hidvl
=655  \7$aPolitical performance.$2nyu-hidvl
=700  1\$aRodríguez, Jesusa.$4aut$4drt$4pro$4prf
=700  1\$aFelipe, Liliana.$4pro$4drt$4mus
=710  2\$aHemispheric Institute Digital Video Library.
=830  \0$aJesusa Rodríguez & Liliana Felipe : El Hábito collection.
=856  40$uhttp://hdl.handle.net/2333.1/q573n626

