=LDR  06033cgm a2200661 a 4500
=001  001106360
=003  NNU
=004  NYUb12927179
=005  20090408134427.0
=006  m\\\\\\\\z\\\\\\\\
=007  vd|cvaizu
=007  vf|ciahou
=007  vd|cz\hou
=007  cr\|||||||||||
=008  040727s1996\\\\mx\019\\\\\\\\\\\\vlspa\d
=024  7\$aHI2004_035_01$2nyu-hidvl
=024  7\$aHI2004.035_01$2nyu-hidvl
=024  7\$aHI2004.035_01$2nyu-hidvl
=040  \\$aNNU$cNNU$eamim
=041  0\$aspa---
=043  \\$an-mx---
=079  \\$a(OCoLC)60955657
=245  00$aCuando el regente nos alcance (video para espectáculo)$h[videorecording]
=246  3\$aWhen the regent catches up with us (performance video insert)
=260  \\$aMexico City :$bJesusa Rodríguez and Liliana Felipe,$c1996.
=300  \\$3viewing copy.$a1 videodisc of 1 (DVD) (19 min.) :$bsd., col. ;$c4 3/4 in.
=300  \\$3master.$a1 videocassette of 1 (Digital Betacam) (19 min.) :$bsd., col. ;$c1/2 in.
=490  1\$aEl Hábito collection
=530  \\$aAlso available online as streaming video.
=546  \\$aIn Spanish.
=500  \\$aTitle supplied by Hemispheric Institute.
=500  \\$aPart of the Hemispheric Institute Digital Video Library.
=534  \\$pMedia source original:$e1 videocassette (VHS) : sd., col. ; 1/2 in.
=518  \\$aPerformed at Teatro Bar El Hábito, Mexico City, Mexico, in 1996.
=508  \\$aJesusa Rodríguez, writer, director, producer ; Liliana Felipe, producer, music director.
=511  0\$aLiliana Felipe, musician.
=511  1\$aJesusa Rodríguez, protagonist.
=520  \\$aPerformance video inserts, projected as a part of the piece 'Cuando el regente nos alcance.' The video skits span from original videos (like a mock version of Alfred Hitchcock's bathtub murder scene, related to Mexico City's drought), to satirical voice-overs for Mexican TV ads and newscasts, in order to expose and discuss the economic polarization, failing infrastructure, political corruption, violation of human rights, mass media manipulation of public opinion, the religious prohibition of birth control methods, and a severe drought affecting Mexico City, in relation to the political campaigns to the regency of the city. Several 'candidates' to the regency are proposed, including Keiko the whale ('all regents are animals... at least this one needs water as much as the rest of the population'). Biased newscast information is exposed inasmuch as it accents the disparity between the urban crisis and the mirage of urban prosperity advertised by TV commercials, newscasts, and political campaign slogans; the highlighted relationship between the drought and political corruption points to an acknowledgment of how electoral decisions affect 'the future of Mexico... if there?s such thing.' Mexican director, actress, playwright, performance artist, scenographer, entrepreneur, and social activist Jesusa Rodréguez has been called the most important woman of Mexico. Often referred to as a chameleon, Rodríguez moves seemingly effortlessly and with vigor across the spectrum of cultural forms, styles, and tones. Her espectáculos (as both spectacles and shows) challenge traditional classification, crossing with ease generic boundaries: from elite to popular to mass, from Greek tragedy to cabaret, from pre-Columbian indigenous to opera, from revue, sketch and carpa, to performative acts within political projects. Humor, satire, linguistic play, and the body are constants in her productions. She seeks to render corporal and, thus, visible, the tensions between the discourses in operation on and through the individual and collective body. Rodriguezs energy is intense and her commitment non-negotiable, always interrogating the nature, site, and consequences of power and its representation. Liliana Felipe, one of Latin America's foremost singers and composers, was born in Argentina in the 1950s. She left for Mexico just before the outbreak of the 'Dirty War' (1976), but her sister and brother-in-law were both 'disappeared'--victims of the military dictatorship's criminal politics. Liliana's music has a wide following in Latin America. She continues to be a powerful presence in Argentina, working with human rights organizations--especially H.I.J.O.S. (the organization of the children of the disappeared). In Mexico, Liliana went to one of Jesusa Rodríguez's performances. Jesusa, catching a glimpse of Felipe in the audience, remembers saying to herself: I am going to die with that woman. Since then, Liliana and Jesusa have created two performance spaces, El Cuervo and later El Hábito in Coyoacán, Mexico City, that they still run. They 'married' in February 2000. El Hábito (www.elhabito.com.mx) is a hotbed for intellectuals, feminists, gay rights activists and open-minded, progressive people who want to be engaged by a smart and critical humor. In this off-off space, and with the collaboration of their theater cooperative Las Divas, Jesusa y Liliana have produced hundreds of shows since the 1980s.
=650  \0$aPolitics, Practical$zMexico.
=650  \0$aPolitical campaigns$zMexico.
=650  \0$aElections$zMexico.
=651  \0$aMexico$xPolitics and government$y20th century.
=655  \7$aPerformance/Video inserts for performance.$2nyu-hidvl
=655  \7$aCabaret.$2nyu-hidvl
=655  \7$aTheater.$2nyu-hidvl
=655  \7$aSatire.$2nyu-hidvl
=655  \7$aPolitical performance.$2nyu-hidvl
=700  1\$aRodríguez, Jesusa.$4aut$4drt$4pro$4prf
=700  1\$aFelipe, Liliana.$4pro$4drt$4mus
=710  2\$aHemispheric Institute Digital Video Library.
=830  \0$aJesusa Rodríguez & Liliana Felipe : El Hábito collection.
=856  40$uhttp://hdl.handle.net/2333.1/fqz612sr

