=LDR  05590cgm a2200781 a 4500
=001  000561694
=003  NNU
=004  NYUb13554544
=005  20140421141825.0
=006  m\\\\\\\\z\\\\\\\\
=007  vd\cvaizu
=007  vf\ciahou
=007  cr\cna
=007  \\vd
=007  cr\|||||||||||
=008  071115e19960607nyu125\\\\\\\\\\\\vleng\d
=024  7\$aHI2005_021_A_01$2nyu-hidvl
=024  7\$aHI2005_021_B_01$2nyu-hidvl
=024  7\$aHI2005.021_01_A$2nyu-hidvl
=035  \\$a(NYU)NYUb13554544
=040  \\$aNNU$cNNU$eamim
=245  00$aNative performance art$h[videorecording].
=246  1\$iTitle on DVD title screen:$aChan, Elmm [sic] Romero y Miguel
=246  1\$iTitle on DVD container label:$aChan, Elm Romero y Miguel
=260  \\$c1996 June 7.
=300  \\$3master.$a2 videocassettes of 2 (Digital Betacam) (125 min.) :$bsd., col. ;$c1/2 in.
=300  \\$3viewing copy.$a2 videodiscs of 2 (DVD) (125 min. : pt.A, 94 min. ; pt.B, 31 min.) :$bsd., col. ;$c4 3/4 in.
=490  1\$aAmerican Indian Community House collection
=530  \\$aAlso available online as streaming video.
=500  \\$aTitle supplied by Hemispheric Institute.
=500  \\$aPart of the Hemispheric Institute Digital Video Library.
=534  \\$pMedia source original:$e1 videocassette of 1 (VHS) : analog sd., mono., col. ; 1/2 in.
=518  \\$aPerformed at The American Indian Community House, New York City, on June 7, 1996.
=508  \\$aAmerican Indian Community House, producer ; Rebecca Romero & Co., creator ; Chan (a.k.a. Tony Spotten), creator ; Steve Elm, creator ; Muriel Miguel, creator ; Jim Cyrus, introducer.
=511  1\$aRebecca Romero & Co., Chan (a.k.a. Tony Spotten), Steve Elm, Muriel Miguel, Floyd Favel.
=520  \\$aNative Performance Art is a compilation of Native performance. Performances included are Big Girl, Little Girl, a humorous look at etiquette training for young girls presented by Rebecca Romero & Co. (Cherokee), Stage Struck, an autobiographical piece about the trials and tribulations encountered by Steve Elm (Oneida) while in pursuit of a show business career, Whole Buffalo, written and choreographed by Chan (Maliseet)- a.k.a. Tony Spotten in homage to his ancestor who came of age during the first half of the twentieth century, and Trail of the Otter, performed by Muriel Miguel (Kuna/Rappahannock) of Spiderwoman Theater, which recounts Otter's ecological journey across the continent and encounters with AIDS, oil spills, greed, and battered women (the otter, which is in danger of becoming extinct is revered by many Native cultures and considered a trickster charged with the task of teaching life lesions, which like life can be absurd, cruel and very funny). 
=520  \\$aThe American Indian Community House (AICH) is an urban Indian center that services the needs of the Native people living in New York City and welcomes Native visitors to the city. AICH was founded in 1969 and has become a de facto neighborhood serving as a meeting place for the diverse Native community of the New York City area. The Community House offers a variety of services ranging from substance abuse and HIV counseling, to career assistance. It is also home to the only Indian owned and operated art gallery in New York City. The AICHs Performing Arts Department has become an important resource for Native visual and performance artists. Through its programming, performance has become an important educational vehicle, both for the Native and non-Native NY community. The Badger's Corner, initiated in the 1980s, is an education-via-entertainment vehicle for the AICHs visual and performing arts department programs.   
=520  \\$aTaking its name from the Pueblo legend of the four-legged creature who led the Pueblo people out of the underworld after the great flood, the intent of its programming is to inform and challenge people to rethink their concept(s) of Native American people and customs. All performances at AICH are presented under the auspices of the Badgers Corner. Indian Summer is an annual event at AICH and an occasion for artists to present their latest works to the community and the general public. All performers, whether new to the field or veteran practitioners, are encouraged to present their work.  
=540  \\$aThere are copyright restrictions on this collection. For more information, go to the online version of this video.
=650  \0$aIndians.
=650  \0$aIndian dance.
=650  \0$aIndian theater.
=650  \0$aIndian arts.
=650  \0$aIndians in the performing arts.
=650  \0$aEthnic performing arts.
=655  \7$aPerformance.$2nyu-hidvl
=655  \7$aPerformance art.$2nyu-hidvl
=655  \7$aDance.$2nyu-hidvl
=655  \7$aTheater.$2nyu-hidvl
=655  \7$aNative performance.$2nyu-hidvl
=700  1\$aRomero, Rebecca.$4cre$4prf
=700  1\$aSpotten, Anthony.$4cre$4prf
=700  1\$aElm, Steve.$4cre$4prf
=700  1\$aMiguel, Muriel.$4cre$4prf
=700  1\$aFavel, Floyd.$4prf
=710  2\$aSpiderwoman Theatre.
=710  2\$aAmerican Indian Community House (New York, N.Y.)$4pro
=710  2\$aHemispheric Institute Digital Video Library.
=830  \0$aAmerican Indian Community House collection.
=853  00$81$apt.
=863  50$81.1$aA$p31142046121441
=863  50$81.2$aB$p31142046121458
=856  40$uhttp://hdl.handle.net/2333.1/s4mw6mnv
=954  \\$81$aVolumes

