=LDR  04649ngm a2200697 a 4500
=001  003209317
=005  20090415181429.0
=006  m\\\\\\\\c\\\\\\\\
=007  vf\ciahou
=007  cr\cna---muuuu
=007  cr\|||||||||||
=008  090413s1996\\\\cl\051\\\\\\\\\\\\vlspa\d
=024  7\$aHI2006_010_01$2nyu-hidvl
=040  \\$aNNU$beng$cNNU$eamim
=245  00$aNO+$h[videorecording] :$bInterviews CADA.
=246  3\$aNO mas :$bInterviews CADA
=246  1\$iAlso called:$aNO more :$bInterviews CADA
=260  \\$c1996.
=300  \\$3master.$a1 videocassette of 1 (Digital Betacam) (51 min.) :$bsd., col. ;$c1/2 in.
=490  1\$aCADA (Colectivo Acciones de Arte) collection
=530  \\$aAlso available online as streaming video.
=546  \\$aIn Spanish.
=500  \\$aTitle supplied by Hemispheric Institute.
=500  \\$aPart of the Hemispheric Institute Digital Video Library.
=534  \\$pMedia source original:$e1 videocassette of 1 (U-matic) : sd., col. ; 3/4 in.
=518  \\$aRecorded in Santiago, Chile, in 1996.
=508  \\$aCADA (Colectivo Acciones de Arte), Lotty Rosenfeld, producers ; David Muñoz, editor ; Lotty Rosenfeld, David Muñoz, videographers.
=511  0\$aMilan Ivelic, Nelly Richard, José Joaquín Brunner, Eugenia Brito, interviewees.
=520  \\$aThe Colectivo de Acciones de Arte (CADA) is a Chilean activist group of artists who used performance to challenge the Pinochet dictatorship in Chile. One of the most important contributors to the ‘Escena Avanzada’, CADA incorporated strategies of theatricality and performance as an essential element to all its ‘art actions’, while questioning the practices and institutions of all politics and conceiving art as a necessary social practice that eradicated the traditional distance between the artist and the spectator. Committed to the foundation of an open and spontaneous practice of spectatorship, their ‘interventions in everyday life’ intended to interrupt and alter the normalized routines of the daily urban life of the citizen, by means of a semiotic subversion that decontextualized and semantically restructured urban behaviors, locations and signs.
=520  \\$aOn the 10th year of Augusto Pinochet’s dictatorship in Chile, CADA proposed the slogan 'NO +' (NO more). This was meant as an open text to be completed by the citizens, according to their specific social demands (No more ...). CADA invited Chilean artists from different fields to spread this message on walls all over Santiago. The slogan was soon used by different collectives all over the country as a massive public symbol of political resistance and non-conformity.
=520  \\$aThis documentary shows a series of interviews with Chilean intellectuals reflecting on the centrality of CADA for the resistance to the Pinochet dictatorship. The interviewees (Milan Ivelic, Nelly Richard, José Joaquín Brunner and Eugenia Brito) talk about the rupturist character of CADA vis-à-vis the Chilean art establishment, posing an interpenetration of art, politics and social critique in their work, and branding CADA as fundamental to the development of a field of political resistance and critical thinking among intellectuals.
=540  \\$aThere are copyright restrictions on this collection. For more information, go to the online version of this video.
=610  20$aColectivo Acciones de Arte.
=650  \0$aPolitical participation$zChile.
=650  \0$aArt$xPolitical aspects.
=650  \0$aArt and social conflict.
=650  \0$aArt and state.
=650  \0$aArt and society.
=651  \0$aChile$xSocial conditions$y1970-
=651  \0$aChile$xPolitics and government$y1973-1988.
=650  \0$aCivil rights$zChile.
=650  \0$aCivil rights movements$zChile.
=600  10$aPinochet Ugarte, Augusto.
=610  10$aChile.$bPresident (1974-1990 : Pinochet Ugarte)
=650  \0$aDictatorship$zChile.
=650  \0$aDictators$zChile.
=653  \\$aCivil rights activism
=655  \7$aDocumentary.$2nyu-hidvl
=655  \7$aInterview.$2nyu-hidvl
=655  \7$aPolitical performance.$2nyu-hidvl
=655  \7$aVideo/action on art & politics.$2nyu-hidvl
=700  1\$aRosenfeld, Lotty.$4pro$4vdg
=700  1\$aIvelić, Milan.$4ive
=700  1\$aRichard, Nelly.$4ive
=700  1\$aBrunner, José Joaquín.$4ive
=700  1\$aBrito, Eugenia,$d1950-$4ive
=710  2\$aColectivo Acciones de Arte.$4pro
=710  2\$aHemispheric Institute Digital Video Library.
=830  \0$aCADA (Colectivo Acciones de Arte) collection.
=856  40$uhttp://hdl.handle.net/2333.1/vt4b8hdp

