=LDR  04517cgm a2200481 a 4500
=001  003964081
=005  20140421225426.0
=006  m\\\\\\\\c\\\\\\\\
=007  cr\cna|||m|||a
=007  cr\|||||||||||
=008  140310e19960717pe\082\\\\\\\\s\\\vlspa\d
=024  7\$aHI2013_016_01$2nyu-hidvl
=040  \\$aNNU$beng$cNNU
=041  0\$aspa
=043  \\$as-pe---
=245  00$aContraelviento$h[videorecording] =$bAgainst the wind /$cGrupo Cultural Yuyachkani, creator ; Miguel Rubio Zapata, director.
=246  31$aAgainst the wind
=260  \\$c1996 July 17.
=300  \\$3viewing copy.$astreaming video (81 min., 10 sec.) :$bsd., col.
=490  1\$aYuyachkani collection
=546  \\$aIn Spanish.
=500  \\$aTitle supplied by Hemispheric Institute.
=500  \\$aPart of the Hemispheric Institute Digital Video Library.
=518  \\$aPerformed in Lima, Peru, on July 17, 1996.
=511  1\$aAna Correa, Augusto Casafranca, Teresa Ralli, Debora Correa, Julián Vargas, Amiel Cayo, Rebeca Ralli, performers.
=520  \\$aThe performance ‘Contraelviento’ (Against the Wind) was created by Peru’s leading theatre collective Yuyachkani in 1989, at the height of the country’s most recent civil conflict. It recounts the testimony of an indigenous survivor of the 1986 massacre at Soccos, in Ayacucho. Coya and her sister, Huaco, along with their father, are in the midst of colliding forces that destroy everything in the peasant village in the middle of the Andes where they live. The scenes of devastation correspond to the crossfire between terrorist group ‘Sendero Luminoso’ and the Peruvian Army that left civilians with no options for survival. The symbolic seeds of life would represent an option to preserve life, at the expense of the death of the peasants. Masked dancers and archangels fight for ownership of the peasants’ souls in the ‘danza de la diablada’ or Devil dance from the Fiesta de la Candelaria in Puno. After their death, the seeds of life are left by the peasants in the ground, and into the hands of the Ekeko, a constant figure on stage, who performs as witness of the story, and who will transmit both the seeds of life and the narration: ‘these seeds were given to me by a woman, who told me a story.’ The music, images, and voices bring Peruvian traditions to the stage, and at the same time reveal the miscommunications between those who hold power to exert either violence or justice, and the peasants who demand to be taking into account. The difficulties that they have to confront also encompass their constant efforts for survival – as Ekeko affirms: ‘the condor learnt to fly against the wind; now you have to follow him.’
=520  \\$aPeru’s most important theater collective, Grupo Cultural Yuyachkani has been working since 1971 at the forefront of theatrical experimentation, political performance, and collective creation. Yuyachkani is a Quechua word that means ‘I am thinking, I am remembering;’ under this name, the theater group has devoted itself to the collective exploration of embodied social memory, particularly in relation to questions of ethnicity, violence, and memory in Peru. Their work has been among the most important in Latin Americas so called New Popular Theatre, with a strong commitment to grass-roots community issues, mobilization, and advocacy. Yuyachkani won Peru’s National Human Rights Award in 2000. Known for its creative embrace of both indigenous performance forms as well as cosmopolitan theatrical forms, Yuyachkani offers insight into Peruvian and Latin American theater, and to broader issues of postcolonial social aesthetics.
=534  \\$pMedia source original:$e1 videocassette of 1 (VHS) : sd., col. ; 1/2 in. SP.$mMaxell T-120.
=540  \\$aThere are copyright restrictions on this collection. For more information, go to the online version of this video.
=650  \0$aPolitical atrocities$zPeru$zAyacucho$vDrama.
=610  20$aSendero Luminoso (Guerrilla group)$vDrama.
=651  \0$aPeru$xHistory$y1980-$vDrama.
=651  \0$aAyacucho (Peru)
=650  \0$aTheater$zPeru.
=653  \\$aDirty war
=655  \7$aPerformance.$2nyu-hidvl
=655  \7$aCollective creation.$2nyu-hidvl
=700  1\$aRubio Zapata, Miguel.$4drt
=710  2\$aGrupo Cultural Yuyachkani.$4cre
=710  2\$aHemispheric Institute Digital Video Library.
=830  \0$aYuyachkani collection.
=856  40$uhttp://hdl.handle.net/2333.1/fn2z36kp

