=LDR  03995cgm a2200517 a 4500
=001  003808914
=005  20140421222839.0
=006  m\\\\\\\\c\\\\\\\\
=007  cr\cna|||m|||a
=007  cr\|||||||||||
=008  130825s1996\\\\mau022\\\\\\\\s\\\vleng\d
=024  7\$aHI2012_036_01$2nyu-hidvl
=040  \\$aNNU$beng$cNNU
=041  0\$aeng
=043  \\$an-us---
=245  00$aR.A.W. (‘cause I’m a woman)$h[videorecording] /$cRoberta Uno, director ; New WORLD Theater, producer ; Diana Son, playwright.
=246  3\$aRaunchy Asian woman
=260  \\$c1996.
=300  \\$3viewing copy.$astreaming video (21 min., 54 sec.) :$bsd., col.
=490  1\$aNew WORLD Theater collection
=546  \\$aIn English.
=500  \\$aTitle supplied by Hemispheric Institute.
=500  \\$aPart of the Hemispheric Institute Digital Video Library.
=518  \\$aPerformed at the University of Massachusetts in Amherst, Massachusetts, in 1996.
=508  \\$aPhillip Baldwin, set designer ; Justin Townsend, lighting designer ; Jenny Craig.
=511  1\$aJi Sook Lee, Dianne Suh, Linda Louise Blewitt, Lisa Hori-Garcia , performers.
=520  \\$a‘R.A.W. (‘Cause I’m a Woman) is a short play written by Diana Son and directed by Roberta Uno. R.A.W. stands for ‘Raunchy Asian Woman,’ as the play intends to explore stereotypes about Asian woman, such as that of the geisha, the exotic virgin, or the suicidal Miss Saigon. An all Asian American women cast perform dance, music, and spoken word. Their voices address the politics between mixed raced relationships, specifically between Asian American women and white men; quotidian and apparently minimal things like asian hair in relation to a white woman’s hair; the experience of being a queer Asian woman; dating a Korean man from the perspective of a Korean woman, etc. All the characters come on stage and share their experiences of being Asian women in multiple shapes, forms, and identities.
=520  \\$aFrom 1979-2009, the New WORLD Theater worked at the intersection of artistic practice, community engagement, scholarship, and activism toward a vision of a ‘new world’ - one that broke the confines of multiculturalism and was an artistic harbinger of America’s shifting demographics. From a geographic ‘outpost’ in New England, New WORLD Theater evolved from a community organizing project and the Northeast point on a theater touring compass, to a protective studio to hone new work, a site of international intersections from South Africa to the South Bronx, and the home of inspired and rigorous collaborations with Western Massachusetts youth. New performance work development at New WORLD defied the conventional theater play lab as ghetto for artists of color; artists were met where they wanted to be in the imagining of new approaches, methods, and production. One of New WORLD Theater’s artistic legacies is Project 2050, an early call to imagine the U.S. demographic shift, with people of the future - youth, in equal collaboration with artists and scholars.
=534  \\$pMedia source original:$e1 videocassette of 1 (VHS) : sd., col. ; 1/2 in. LP.$mRCA T-120H
=540  \\$aThere are copyright restrictions on this collection. For more information, go to the online version of this video.
=650  \0$aAsian American women$xIdentity.
=650  \0$aAsian American women$xSocial conditions.
=650  \0$aIdentity politics.
=650  \0$aMulticulturalism.
=650  \0$aStereotypes (Social psychology)
=650  \0$aInterracial marriage$xSocial aspects.
=651  \0$aUnited States$xRace relations
=655  \7$aPerformance.$2nyu-hidvl
=655  \7$aTheater.$2nyu-hidvl
=700  1\$aSon, Diana.$4aus
=700  1\$aUno, Roberta,$d1956-$4drt
=710  2\$aNew WORLD Theater.$4pro
=710  2\$aHemispheric Institute Digital Video Library.
=830  \0$aNew WORLD Theater collection.
=856  40$uhttp://hdl.handle.net/2333.1/1jwsts8t

