=LDR  04083cgm a2200577 a 4500
=001  000539608
=003  NNU
=004  NYUb13530718
=005  20090409123052.0
=006  m\\\\\\\\z\\\\\\\\
=007  vd\cvaizu
=007  vf\ciahou
=007  cr\cna
=007  cr\|||||||||||
=008  070829e19960504cau056\\\\\\\\\\\\vleng\d
=024  7\$aHI2007_074_01$2nyu-hidvl
=024  7\$aHI2007.074_01$2nyu-hidvl
=035  \\$a(NYU)NYUb13530718
=040  \\$aNNU$cNNU$eamim
=245  00$aUbu roi$h[videorecording]
=246  33$aUbu roi (rehearsal)
=260  \\$c1996 May 4.
=300  \\$3master.$a1 videocassette of 1 (Digital Betacam) (56 min.) :$bsd., col. ;$c1/2 in.
=300  \\$3viewing copy.$a1 videodisc of 1 (DVD) (56 min.) :$bsd., col. ;$c4 3/4 in.
=490  1\$aEl Teatro Campesino collection
=530  \\$aAlso available online as streaming video.
=500  \\$aTitle supplied by Hemispheric Institute.
=500  \\$aPart of the Hemispheric Institute Digital Video Library.
=534  \\$pMedia source original:$e1 videocassette of 1 (Mini DV) : sd., col. ; 1/4 in. SP.$mPanasonic DVM60.
=518  \\$aPerformed in San Juan Bautista, California, on May 4, 1996.
=508  \\$aEl Teatro Campesino, producer; Kinan Valdez, director; Alfred Jarry, writer.
=511  1\$aSeth Millwood, Maria Candelaria, Anahuac Valdez, Luis Juares, Lakin Valdez, Josh Sanchez, Jeff Mirroni, Izzy Valdez, Berta Desidero, Irma Aceves.
=520  \\$aFounded in 1965 by Luis Valdez, El Teatro Campesino was initially the cultural wing of the United Farm Workers union in California's central valley. With a pointed political mission, ETC performed their actos in the fields, agitprop improvisations communicated eloquently with the workers, who could neither read nor write, but recognized themselves and their values in the actos. By 1970 ETC had gained an international reputation, with major contributions to Chicano culture in the U.S. and to the development and expansion of the boundaries of theater everywhere. Theirs is a popular theater rooted in the American streets, early California history, Mayan/Aztec mythology and Mexican folklore and spiritualism, all geared toward expression of social, political and cultural perceptions. Valdez believes in a total theaterone where an elevation of sensation is achieved through a trinity of music, dance and drama to stimulate a New American Audience, a celebration of cultural diversity. This video documents a rehearsal of El Teatro Campesinos rendition of Alfred Jarrys play Ubu Roi. Directed by Kinan Valdez, this piece represents the newer generation of ETC which in the mid-nineties began to train in classic world theater while simultaneously pushing the envelope of the classic styles they were examining and of ETCs production choices. This production of Ubu was created in 1996 in the context of the 100-year anniversary of Jarry's Ubu. A satire of William Shakespeares Macbeth, Ubu has no ambition, is idiotic, and is pushed into a kingdom by his wife. In this production of Ubu Roi, instead of banishing Ubu out of the kingdom, he is banished to the New World.
=540  \\$aThere are copyright restrictions on this collection. For more information, go to the online version of this video.
=600  10$aJarry, Alfred,$d1873-1907.$tUbu roi.$lEnglish.
=600  10$aShakespeare, William,$d1564-1616.$tMacbeth$vParodies, imitations, etc.
=650  \0$aMexican American theater.
=653  \\$aChicano theater
=655  \7$aPerformances (entertainment events).$2aat
=655  \7$aPerformance art.$2aat
=655  \7$aTheater (discipline).$2aat
=700  1\$aValdez, Kinan.$4drt
=700  1\$aJarry, Alfred,$d1873-1907.$4aut
=710  2\$aTeatro Campesino (Organization)
=710  2\$aHemispheric Institute Digital Video Library.
=830  \3$aEl Teatro Campesino collection.
=856  40$uhttp://hdl.handle.net/2333.1/xgxd25hb

