=LDR  06695cgm  22007215a 4500
=001  000513898
=003  NNU
=004  NYUb13502591
=005  20140421143524.0
=006  m\\\\\\\\z\\\\\\\\
=007  vd\cvaizu
=007  vf\ciahou
=007  cr\cna
=007  vd\cvaizu
=007  cr\|||||||||||
=008  070606e199604uupr\090\\\\\\\\\\\\vlspa\d
=024  7\$aHI2007_019_A_01$2nyu-hidvl
=024  7\$aHI2007_019_B_01$2nyu-hidvl
=024  7\$aHI2007.019_01_A$2nyu-hidvl
=024  7\$aHI2007.019_01_B$2nyu-hidvl
=040  \\$aNNU$cNNU$eamim
=043  \\$anwpr---$acl-----
=245  00$aJardín de pulpos$h[videorecording].
=260  \\$c1996 Apr.
=300  \\$3master.$a2 videocassettes of 2 (Digital Betacam) (90 min.) :$bsd., col. ;$c1/2 in.
=300  \\$3viewing copy.$a2 videodiscs of 2 (DVD) (90 min. : pt.A, 60 min. ; pt.B, 30 min.) :$bsd., col. ;$c4 3/4 in.
=490  1\$aRosa Luisa Márquez and theater collaborators
=530  \\$aAlso available online as streaming video.
=546  \\$aIn Spanish.
=500  \\$aTitle supplied by Hemispheric Institute.
=500  \\$aPart of the Hemispheric Institute Digital Video Library.
=534  \\$pMedia source original:$e1 videocassette of 1 (VHS) : sd., col. ; 1/2 in. SP.$mFuji T-120.
=518  \\$aPerformed in San Juan, Purto Rico, in Apr. 1996.
=508  \\$aUniversity of Puerto Rico, producer ; Rosa Luisa Márquez, producer, director ; Arístides Vargas, writer ; Mayda Grano de Oro, Marisol Cuevas, Pedro López, assistant directors ; Elodián Barbosa, Rosanna Álamo, production assistants ; Checo Cuevas, set design ; Gloria Sáez, costume design ; Toni Fernández, lighting design ; Rosanna Álamo, props ; Antonio Martorell, sets, poster & program ; Rafael Trelles, 'El Velorio' figures ; Pedro López, program ; Mayda Grano de Oro, music coordinator.
=511  1\$aJessica Gaspar, Thaimy Reyes, Ricardo Álvarez, Israel Lugo (protagonists) ; Karina Casiano, Myrna Cuevas, Pablo Cunqueiro, Tania Cruz, Yovanska Duarte, Frances Rivera, Heriberto Ramírez, Beliza Torres, Daileen Rodríguez, Glorymar Carrión, Mayra Pappaterra, Mayda Grano de Oro (cast) ; Javier Rodríguez Curet (musician), Omar Silva (cast & musician), José Cotté (cast & musician), Jorge González (cast & musician).
=520  \\$aAdaptation of "Jardín de Pulpos", renowned play by Argentinean writer Arístides Vargas (of the Ecuadorian theater group Malayerba), directed by Rosa Luisa Márquez and collectively created with her students of the "Teatro Rodante" (Traveling Theater) of the University of Puerto Rico, Río Piedras Campus. A theater piece on memory, atrocity, affect and resistance, "Pulpos" bridges time (from a mythical time to the "Baby Boomers" to the "Generation X"), and place (with an Andean text rendered Caribbean, adapted to the Puerto Rican reality) in order to denounce political repression, police brutality, ideological persecution and political assassination, and to evoke and pay homage to our dead and disappeared. 
=520  \\$aAn organizing image is that of the "velorio" or wake for a lost child, (alluding to the canonical Puerto Rican painting by Francisco Oller and to a contemporary rendition by Rafael Trelles), in an exploration of memories of loss and a sense of community, of a broader Puerto Rican family. The recurring motif of the sea shore opens productive layers of signification, rhythm and spatial organization: it hints to the waters where Argentineans were "disappeared" during the dictatorship, the island of Puerto Rico's (geographic and political) borders, and to the Beatles' song "Octopus' Garden", which inspires the pieces title. The resulting performance is an open call to rescue and safeguard collective memories of political and historical events that have shaped our present Latin American societies. It is also an artistic attempt to capture and evoke the sensorial complexities of past events, claiming them as genealogical landmarks in our current collective life.   
=520  \\$aRosa Luisa Márquez (www.marquezmartorell.org) is a Puerto Rican theater artist and pedagogue. Founding member of the theater group Anamú in 1971, she holds a master's degree from New York University and a Doctorate from Michigan State University; she specializes in contemporary theater. Rosa Luisa started her teaching career at the Theater department of the University of Puerto Rico in 1978. She developed the current curriculum of Drama Activities, which she teaches in her workshops at schools, prisons, rehab centers, women's shelters, nursing homes and community centers. Her directing projects include "Romeo(s) y Julieta(s)", "Historias para ser Contadas", "La Leyenda del Cemí", "Procesión", "Waiting for Godot", "Jardín de Pulpos", "Absurdos en Soledad", "El León y la Joya", among others. In conjunction with Puerto Rican visual artist Antonio Martorell, she created the concept of Itinerant Performers (1987-1990) resulting in twelve productions.   
=520  \\$aPublished books include "Brincos y saltos: el juego como disciplina teatral" and "Historias para ser contadas, montaje de Rosa Luisa Márquez". She is a member of the board of directors and pedagogical team for the EITALCs International School of Latin American and Caribbean Theater. Ongoing artistic collaborators include Gilda Navarra and Antonio Martorell (Puerto Rico), Grupo Malayerba (Ecuador), Grupo Yuyachkani (Peru), and directors Peter Shumann (Bread & Puppet Theater, U.S.A.) and Augusto Boal (Theater of the Oppressed, Brazil).  
=540  \\$aThere are copyright restrictions on this collection. For more information, go to the online version of this video.
=650  \0$aCollective memory$zLatin America.
=650  \0$aPerforming arts$zPuerto Rico.
=653  \\$aLatin American theater
=655  \7$aPerformance.$2nyu-hidvl
=655  \7$aTheater.$2nyu-hidvl
=655  \7$aCollective creation.$2nyu-hidvl
=655  \7$aExperimental theater.$2nyu-hidvl
=655  \7$aContemporary theater.$2nyu-hidvl
=700  1\$aVargas, Arístides,$d1954-$4aut
=700  1\$aMárquez, Rosa Luisa.$4pro$4drt
=710  2\$aUniversity of Puerto Rico (Río Piedras Campus)$4pro
=710  2\$aHemispheric Institute Digital Video Library.
=830  \0$aRosa Luisa Márquez and theater collaborators.
=853  00$81$apt.
=863  50$81.1$aA$p31142045845388
=863  50$81.2$aB$p31142045845396
=856  40$uhttp://hdl.handle.net/2333.1/t76hdrjg
=954  \\$81$aVolumes

