=LDR  04982cgm  2200721 a 4500
=001  000564290
=003  NNU
=004  NYUb13557384
=005  20140421142830.0
=006  m\\\\\\\\z\\\\\\\\
=007  vd\cvaizu
=007  vf\ciahou
=007  cr\cna
=007  \\vd
=007  cr\|||||||||||
=008  071127e19960621nyu114\\\\\\\\\\\\vleng\d
=024  7\$aHI2005_058_A_01$2nyu-hidvl
=024  7\$aHI2005_058_B_01$2nyu-hidvl
=024  7\$aHI2005.058_01_A$2nyu-hidvl
=035  \\$a(NYU)NYUb13557384
=040  \\$aNNU$cNNU$eamim
=245  00$aInti-Raymi :$bFestival of the sun$h[videorecording]
=246  30$aFestival of the sun
=246  3\$aIndian Summer 1996 :$bInti-Raymi
=260  \\$c1996 June 21.
=300  \\$a2 videocassettes of 2 (Digital Betacam) (114 min.) :$bsd., col. ;$c1/2 in.$3master.
=300  \\$a2 videodiscs of 2 (DVD) (114 min. : pt.A, 87 min. ; pt.B, 27 min.) :$bsd., col. ;$c4 3/4 in.$3viewing copy.
=490  1\$aAmerican Indian Community House collection
=530  \\$aAlso available online as streaming video.
=500  \\$aTitle supplied by Hemispheric Institute.
=500  \\$aPart of the Hemispheric Institute Digital Video Library.
=534  \\$pMedia source original:$e1 videocassette of 1 (VHS) : analog sd., col. ; 1/2 in.
=518  \\$aPerformed at The American Indian Community House, New York City, on June 21, 1996.
=508  \\$aAmerican Indian Community House, producer, creator ; Muyuy Cultural Center, producer, creator ; Coatlicue Theater Company, creator.
=511  0\$aMuyuy Cultural Center members, Coatlicue Theater Company, performers.
=520  \\$aFor several years Indian Summer at the American Community House has been initiated by Inti Raymi, as an attempt to breakdown the borders between indigenous peoples in the Americas. Inti Raymi or sun festival is an annual Incan festival celebrating the winter solstice by marking the return of the sun, which provides food, life and health. Members of the Muyuy Cultural Center in New York City shared this celebration by performing music and dance. The video includes a short Coatlicue Theater Company performance, a demonstration of a hoop dance and other musical acts. The American Indian Community House (AICH) is an urban Indian center that services the needs of the Native people living in New York City and welcomes Native visitors to the city. AICH was founded in 1969 and has become a de facto neighborhood serving as a meeting place for the diverse Native community of the New York City area. 
=520  \\$aThe Community House offers a variety of services ranging from substance abuse and HIV counseling, to career assistance. It is also home to the only Indian owned and operated art gallery in New York City. The AICHs Performing Arts Department has become an important resource for Native visual and performance artists. Through its programming, performance has become an important educational vehicle, both for the Native and non-Native NY community. The Badger's Corner, initiated in the 1980s, is an education-via-entertainment vehicle for the AICHs visual and performing arts department programs. Taking its name from the Pueblo legend of the four-legged creature who led the Pueblo people out of the underworld after the great flood, the intent of its programming is to inform and challenge people to rethink their concept(s) of Native American people and customs. All performances at AICH are presented under the auspices of the Badgers Corner.   
=520  \\$aIndian Summer is an annual event at AICH and an occasion for artists to present their latest works to the community and the general public. All performers, whether new to the field or veteran practitioners, are encouraged to present their work.  
=540  \\$aThere are copyright restrictions on this collection. For more information, go to the online version of this video.
=650  \0$aInti Raymi Festival.
=650  \0$aIncas$xSocial life and customs.
=650  \0$aIndigenous peoples.
=650  \0$aIndigenous peoples$xSocial life and customs.
=655  \7$aPerformance.$2nyu-hidvl
=655  \7$aSun festival.$2nyu-hidvl
=655  \7$aNative music.$2nyu-hidvl
=655  \7$aNative theater.$2nyu-hidvl
=655  \7$aAmerican Indian performance.$2nyu-hidvl
=655  \7$aIndigenous performance.$2nyu-hidvl
=710  2\$aMuyuy Cultural Center.$4pro$4cre$4prf
=710  2\$aCoatlicue Theater Company.$4cre$4prf
=710  2\$aAmerican Indian Community House (New York, N.Y.)$4pro$4cre
=710  2\$aHemispheric Institute Digital Video Library.
=830  \0$aAmerican Indian Community House collection.
=853  00$81$apt.
=863  50$81.1$aA$p31142046122613
=863  50$81.2$aA$p31142046122605
=856  40$uhttp://hdl.handle.net/2333.1/crjdfnc1
=954  \\$81$aVolumes

