=LDR  04865cgm a2200625 a 4500
=001  000563588
=003  NNU
=004  NYUb13556640
=005  20080408163658.0
=006  m\\\\\\\\z\\\\\\\\
=007  vd\cvaizu
=007  vf\ciahou
=007  cr\cna
=007  cr\|||||||||||
=008  071121e19971013nyu026\\\\\\\\\\\\vleng\d
=024  7\$aHI2005_043_01$2nyu-hidvl
=024  7\$aHI2005.043_01$2nyu-hidvl
=035  \\$a(NYU)NYUb13556640
=040  \\$aNNU$cNNU$eamim
=245  00$aNative America :$bSpiderwoman Theater : Sun, moon, and feather$h[videorecording].
=246  30$aSpiderwoman Theater :$bSun, moon, and feather
=246  3\$aNative America (cable network show)
=246  3\$iTitle on DVD title screen:$aSun, moon and feather, Spiderwoman Theater
=260  \\$c1997 Oct. 13.
=300  \\$3master.$a1 videocassette of 1 (Digital Betacam) (26 min.) :$bsd., col. ;$c1/2 in.
=300  \\$3viewing copy.$a1 videodisc of 1 (DVD) (26 min.) :$bsd., col. ;$c4 3/4 in.
=490  1\$aAmerican Indian Community House collection
=530  \\$aAlso available online as streaming video.
=500  \\$aTitle supplied by Hemispheric Institute.
=500  \\$aPart of the Hemispheric Institute Digital Video Library.
=534  \\$pMedia source original:$e1 videocassette of 1 (S-VHS) : analog sd., col. ; 1/2 in.
=518  \\$aRecorded at The American Indian Community House, New York City, on Oct. 13, 1997.
=508  \\$aAmerican Indian Community House, producer ; Spiderwoman Theater, creator ; Alex Anderson, videographer, editor.
=511  1\$aSpiderwoman Theater.
=520  \\$aFor several years the American Indian Community House (AICH) produced a cable network show titled 'Native America.' Performances in the Circle at AICH were videotaped, edited, and aired on the Manhattan Neighborhood Network in half hour segments. This episode features, Spiderwoman Theater's 'Sun, Moon, and Feather.' Blending fantasy and reality, humor and seriousness, it is based on the sisters Rappahannock names and weaves together the stories each remembers about their experience growing up as Indians in Brooklyn. Spiderwoman Theater is the longest continuous running Native female performance group. Comprised of three Kuna/ Rappahannock sisters from Brooklyn, New York, Lisa Mayo, Gloria Miguel, and Muriel Miguel, the group has travel all over the world giving performance, lectures, and workshops. Named after the weaver in the Hopi creation story the sisters 'storyweave' their message in a variety of formats including poetry, dance, theater, and song. The American Indian Community House (AICH) is an urban Indian center that services the needs of the Native people living in New York City and welcomes Native visitors to the city. AICH was founded in 1969 and has become a de facto 'neighborhood' serving as a meeting place for the diverse Native community of the New York City area. The Community House offers a variety of services ranging from substance abuse and HIV counseling, to career assistance. It is also home to the only Indian owned and operated art gallery in New York City. The AICH's Performing Arts Department has become an important resource for Native visual and performance artists. Through its programming, performance has become an important educational vehicle, both for the Native and non-Native NY community. The Badger's Corner, initiated in the 1980's, is an education-via-entertainment vehicle for the AICH's visual and performing arts department programs. Taking its name from the Pueblo legend of the four-legged creature who led the Pueblo people out of the underworld after the great flood, the intent of its programming is to inform and challenge people to rethink their concept(s) of Native American people and customs. All performances at AICH are presented under the auspices of the Badger's Corner.
=540  \\$aThere are copyright restrictions on this collection. For more information, go to the online version of this video.
=650  \0$aIndian theater.
=650  \0$aIndians$xUrban residence.
=653  \\$aNative theater
=653  \\$aUrban American Indian
=655  \7$aPerformance.$2nyu-hidvl
=655  \7$aNative cable network show.$2nyu-hidvl
=655  \7$aTheater.$2nyu-hidvl
=655  \7$aNative performance.$2nyu-hidvl
=655  \7$aAmerican Indian women's theater.$2nyu-hidvl
=700  1\$aAnderson, Alex.$4vdg$4edt
=710  2\$aSpiderwoman Theatre.$4cre$4prf
=710  2\$aAmerican Indian Community House (New York, N.Y.)$4pro
=710  2\$aHemispheric Institute Digital Video Library.
=830  \0$aAmerican Indian Community House collection.
=856  40$uhttp://hdl.handle.net/2333.1/9zw3r2bz

