=LDR  04823cgm a2200697 a 4500
=001  000029132
=003  NNU
=004  000029132
=005  20100208131550.0
=006  m\\\\\\\\z\\\\\\\\
=007  vd\cvaizu
=007  vf\ciahou
=007  cr\cna|||||||a
=007  cr\|||||||||||
=007  vd\cvaizu
=008  080418s1997\\\\ag\048\\\\\\\\\\\\vlspa\d
=024  7\$aHI2007_220_01$2nyu-hidvl
=040  \\$aNNU$cNNU$eamim
=041  0\$aspa
=043  \\$as-ag---
=079  \\$a(OCoLC)851964589
=245  03$aEl parque japonés$h[videorecording].
=246  31$aJapanese park
=260  \\$c1997.
=300  \\$3viewing copy.$a1 videodisc of 1 (DVD) (48 min.) :$bsd., col. ;$c4 3/4 in.
=300  \\$3master.$a1 videocassette of 1 (Digital Betacam) (48 min.) :$bsd., col. ;$c1/2 in.
=490  1\$aGrupo de Teatro Catalinas Sur collection
=530  \\$aAlso available online as streaming video.
=546  \\$aIn Spanish.
=500  \\$aTitle supplied by Hemispheric Institute.
=500  \\$aPart of the Hemispheric Institute Digital Video Library.
=534  \\$pMedia source original:$e1 videocassettes of 1 (Mini DV) : sd., col. ; 1/4 in. SP.$mSony DVM60.
=518  \\$aPerformed at Galpón de Catalinas, La Boca, Buenos Aires, Argentina, in 1997.
=508  \\$aGrupo de Teatro Catalinas Sur, producer, sets & props ; Adhemar Bianchi, director, musical director ; Cristina Ghione, music & songs by ; Alfredo Iriarte, assistant director ; Gabriela Guastavino, assistant director, costume design ; Marina Mendaro, costume design ; Mónica Rebolini, Ada Martinelli, costumes.
=511  1\$aGrupo de Teatro Catalinas Sur.
=520  \\$a'El Parque Japonés' (premiered in 1997, and nominated for the ACE award in 1998) is a circus operetta performed by the community theater group Catalinas Sur from the La Boca neighborhood of Buenos Aires. The Japanese Park was an amusement park that welcomed migrants on their arrival in Argentina. The piece is less a historical recreation than an affectionate tribute to the popular artists and characters of the 'circo criollo' (like Pepino del 88), film (like King Kong) and television (like wrestler El Hombre de la Barra de Hielo), who, with their itinerant arts, brightened up the lives of La Boca's parents, grandparents, great grandparents, great-great grandparents... The idea of Grupo de Teatro Catalinas Sur (www.catalinasur.com.ar) came to life during a neighborhood barbeque held by a school's parents association in 1983. It was during the time of Argentina's military dictatorship, which stifled popular expression, and the theater group used its community service as a form of resistance that strengthened feelings of solidarity and mutual binding. The group remains rooted in its Buenos Aires neighborhood, even as its membership and fame has grown, performing in a converted warehouse. Catalinas Sur members are acknowledged followers of the traditional artistic forms performed in the quarter which has been the birthplace of the popular arts: puppeteers, musicians, actors, artists originating from the old continent or from Latin America and who mingled their art, like a crucible, with the neighborhood. Firm believers that society can be changed by teamwork and a sense of community, Catalinas Sur has created more than 20 plays and, sweeping aside all false generation gaps, has now over 300 actors. In their own words, 'with the advent of this globalized and inhumane millennium, we are attempting, through the theater, to remember the value of our individual and collective histories, and revive the memory that believed and believes in a better world.'
=540  \\$aThere are copyright restrictions on this collection. For more information, go to the online version of this video.
=650  \0$aCommunity theater.
=650  \0$aTheater$zArgentina.
=650  \0$aPopular culture$zArgentina$zBuenos Aires.
=651  \0$aArgentina$xEmigration and immigration.
=651  \0$aBoca (Buenos Aires, Argentina)
=653  \\$aPopular arts
=655  \7$aPerformance.$2nyu-hidvl
=655  \7$aTheater.$2nyu-hidvl
=655  \7$aArgentinean theater.$2nyu-hidvl
=655  \7$aCommunity theater.$2nyu-hidvl
=655  \7$aPopular theater.$2nyu-hidvl
=655  \7$aCollective creation.$2nyu-hidvl
=700  1\$aBianchi, Adhemar.$4drt$4mus
=700  1\$aGhione, Cristina.$4mus
=700  1\$aIriarte, Alfredo.$4drt
=700  1\$aGuastavino, Gabriela.$4drt$4cst
=710  2\$aGrupo de Teatro Catalinas Sur.$4pro$4std
=710  2\$aHemispheric Institute Digital Video Library.
=830  \0$aGrupo de Teatro Catalinas Sur collection
=856  40$uhttp://hdl.handle.net/2333.1/stqjq2qx

