=LDR  04805cgm a22006015a 4500
=001  000511368
=003  NNU
=004  NYUb13499748
=005  20090408133300.0
=006  m\\\\\\\\z\\\\\\\\
=007  vd\cvaizu
=007  vf\ciahou
=007  cr\cna
=007  cr\|||||||||||
=008  070523e19971128ck\059\\\\\\\\\\\\vlspa\d
=024  7\$aHI2006_127_01$2nyu-hidvl
=024  7\$aHI2006.127_01$2nyu-hidvl
=040  \\$aNNU$cNNU$eamim
=043  \\$as-ck---$af------
=245  00$aGuinnaru$h[videorecording].
=260  \\$c1997 Nov. 28.
=300  \\$3master.$a1 videocassette of 1 (Digital Betacam) (59 min.) :$bsd., col. ;$c1/2 in.
=300  \\$3viewing copy.$a1 videodisc of 1 (DVD) (59 min.) :$bsd., col. ;$c4 3/4 in.
=490  1\$aTeatro Experimental de Cali (TEC) / Enrique Buenaventura collection
=530  \\$aAlso available online as streaming video.
=546  \\$aIn Spanish.
=500  \\$aTitle supplied by Hemispheric Institute.
=500  \\$aPart of the Hemispheric Institute Digital Video Library.
=534  \\$pMedia source original:$e1 videocassette of 1 (VHS) : sd., col. ; 1/2 in. SP.$mSony T-120.
=518  \\$aPerformed in Cali, Colombia, on Nov. 28, 1997.
=508  \\$aEnrique Buenaventura, writer, masks and puppets ; Teatro Experimental de Cali, producer, collective creation, videographer, sets, props, costumes, stage design, lighting design ; Jacqueline Vidal, staging ; Liliana Montes, Hugo Candelario, music ; María Eugenia Pérez, technical assistance ; based on short stories from African oral traditions ('Black Anthology' by Blaise Cendrars).
=511  1\$aJacqueline Vidal, Francisco Morales, Clahiber Rincón, Lina María Torres, Serafín Arzamendía, Marco Ocampo, Hilda Ruiz, Edgar Builes, Albert Days, Adriana Olave (musician), Diego Obregón (musician), Leidy Arango (musician).
=520  \\$a'Guinnaru' tells the story of a water spirit coming from Africa to the Pacific coast of Colombia. It elaborates on short stories from an anthology of African oral tradition by Swiss poet and novelist Blaise Cendrars. The play's three parts - 'Mbongo', 'Entremés del Muerto', and 'El Munú del Falemé' - are woven by multiple narrators that sing and tell a series of tales on the intricate relationships between gods, humans and animals. The play merges classic theatrical language with music, dance, acrobatics, masks and colorful costumes in a theatrical exploration of African modes of representation and expression; Black Africans constitute one of the ethnic groups of Colombia and TEC has always tried to rescue and redeem the roots of Colombian national identity. Teatro Experimental de Cali (TEC) is a collective of playwrights, actors, dancers, musicians, stage designers and students committed to the exploration and creation of new languages for Latin American theater. Founded in Colombia in 1955 by Enrique Buenaventura and a group of students at the Instituto Departamental de Bellas Artes, TEC has had a long and fruitful trajectory; their artistic and theoretical work has revolutionized the way that theater is conceived and practiced in Latin America. A key contribution to the field is their method of 'creación colectiva' ('collective creation'), in which all the participants of the play - including the audience - become involved with the dramatic text and its staging. In spite of this stress on collective work, TEC had in Enrique Buenaventura its main poet and playwright, who developed most of TEC's texts and directed the majority of their plays. While TEC's works address various historical and social issues, artistic quality is not sacrificed for the sake of political radicalism. TEC has thus created a theater that is politically and culturally engaged, poetic and innovative without losing its popular appeal.
=540  \\$aThere are copyright restrictions on this collection. For more information, go to the online version of this video.
=650  \0$aTheater$zColombia.
=650  \0$aFolklore$zAfrica.
=653  \\$aAfrican folklore
=653  \\$aCreación colectiva
=655  \7$aPerformance.$2nyu-hidvl
=655  \7$aTheater.$2nyu-hidvl
=655  \7$aCollective creation.$2nyu-hidvl
=700  1\$aBuenaventura, Enrique.$4aut
=700  1\$aVidal, Jacqueline.$4std
=700  1\$aCendrars, Blaise,$d1887-1961$tAnthologie nègre.$4org
=710  2\$aTeatro Experimental de Cali.$4pro$4vdg$4std
=710  2\$aHemispheric Institute Digital Video Library.
=830  \0$aTeatro Experimental de Cali (TEC) / Enrique Buenaventura collection
=856  40$uhttp://hdl.handle.net/2333.1/h1893261

