=LDR  04856cgm a22006255a 4500
=001  000511947
=003  NNU
=004  NYUb13500393
=005  20090408133309.0
=006  m\\\\\\\\z\\\\\\\\
=007  vd\cvaizu
=007  vf\ciahou
=007  cr\cna
=007  cr\|||||||||||
=008  070529e199711uuck\057\\\\\\\\\\\\vlspa\d
=024  7\$aHI2006_132_01$2nyu-hidvl
=024  7\$aHI2006.132_01$2nyu-hidvl
=040  \\$aNNU$cNNU$eamim
=041  0\$aspa
=043  \\$as-ck---$acl-----
=245  00$aA la diestra de Dios Padre$h[videorecording].
=260  \\$c1997 Nov.
=300  \\$3master.$a1 videocassette of 1 (Digital Betacam) (57 min.) :$bsd., col. ;$c1/2 in.
=300  \\$3viewing copy.$a1 videodisc of 1 (DVD) (57 min.) :$bsd., col. ;$c4 3/4 in.
=490  1\$aTeatro Experimental de Cali (TEC) / Enrique Buenaventura collection
=530  \\$aAlso available online as streaming video.
=546  \\$aIn Spanish.
=500  \\$aTitle supplied by Hemispheric Institute.
=500  \\$aPart of the Hemispheric Institute Digital Video Library.
=534  \\$pMedia source original:$e1 videocassette of 1 (VHS) : sd., col. ; 1/2 in. SP.$mSony T-120.
=518  \\$aPerformed in Cali, Colombia, in Nov. 1997.
=508  \\$aEnrique Buenaventura, literary text, director, graphic design ; Teatro Experimental de Cali, producer, videographer ; Oscar Muñoz, set design ; Antonio Sánchez, Aida Fernández, costumes ; Juan Carlos Maya, music ; Jean Marie Binoche, Doris Sarria, masks ; María Eugenia González, Lucy Bolaños, props ; Franklin Cruz, lighting design ; María E. Pérez, technical assistance.
=511  1\$aJacqueline Vidal, Nelly Delgado, Gladys Garcés, Aida Fernández, Aicardo Bonilla, Nicolás Buenaventura, Hilda Ruiz, Otoniel Romero, Jaime Cabal, Gabriel Uribe, Enrique Buenaventura, Pedro Zapata, Gilberto Ramírez, Juan Carlos Maya (musician).
=520  \\$aThis play has been part of TEC's repertoire since 1958. It is based on a short story by Don Tomás Carrasquilla, which elaborates on a widespread Latin American folk tale. Peralta, the main character, is a peasant, a mythical figure that represents Colombian identity against all earthly, heavenly and infernal powers. He is a gambler, but he is a generous gambler, a Robin Hood-like character who shares everything he earns with the poorest among his neighbors. Jesus and Saint Peter come down to earth in order to test Peralta's honesty. As he passes the test, Jesus grants him four wishes. He uses them to help the peasants against the landlords, the King and the Devil. At the end, Peralta becomes as tiny as an ant and comes to sit on Jesus' right shoulder ('a la diestra de Dios Padre') as his good-hearted advisor. This play is an excellent example of how 'creación colectiva' (collective creation), as a creative method, works for TEC: the piece was reworked several times, transformed by audience interaction and the TEC's ongoing exploration of their repertoire. Teatro Experimental de Cali (TEC) is a collective of artists committed to the exploration and creation of new languages for Latin American theater. Founded in Colombia in 1955 by Enrique Buenaventura and a group of students at the Instituto Departamental de Bellas Artes, TEC has had a long and fruitful trajectory; their artistic and theoretical work has revolutionized the way that theater is conceived and practiced in Latin America.. In spite of this stress on collective work, TEC had in Enrique Buenaventura its main poet and playwright, who developed most of TEC's texts and directed the majority of their plays. While TEC's works address various historical and social issues, artistic quality is not sacrificed for the sake of political radicalism. TEC has thus created a theater that is politically and culturally engaged, poetic and innovative without losing its popular appeal.
=540  \\$aThere are copyright restrictions on this collection. For more information, go to the online version of this video.
=650  \0$aTheater$zColombia.
=650  \0$aFolklore$zLatin America.
=600  00$aJesus Christ.
=650  \0$aHeaven.
=650  \0$aHell.
=653  \\$aLatin American folklore
=653  \\$aCreación colectiva
=655  \7$aPerformance.$2nyu-hidvl
=655  \7$aTheater.$2nyu-hidvl
=655  \7$aCollective creation.$2nyu-hidvl
=700  1\$aBuenaventura, Enrique.$4aut$4drt$4prf$4dsr
=710  2\$aTeatro Experimental de Cali.$4pro$4vdg
=710  2\$aHemispheric Institute Digital Video Library.
=830  \0$aTeatro Experimental de Cali (TEC) / Enrique Buenaventura collection
=856  40$uhttp://hdl.handle.net/2333.1/v9s4mwk0

