=LDR  03644cgm a2200685 a 4500
=001  000540859
=003  NNU
=004  NYUb13532085
=005  20080407153501.0
=006  m\\\\\\\\z\\\\\\\\
=007  vd\cvaizu
=007  vf\ciahou
=007  cr\cna
=007  cr\|||||||||||
=008  070905e199707uunyu037\\\\\\\\\\\\vleng\d
=024  7\$aHI2007_119_01$2nyu-hidvl
=024  7\$aHI2007.119_01$2nyu-hidvl
=035  \\$a(NYU)NYUb13532085
=040  \\$aNNU$cNNU$eamim
=245  00$aButch Fashion Show in the femme auto body shop$h[videorecording].
=246  3\$aButch fashion in the femme auto body shop
=260  \\$c1997 July.
=300  \\$3master.$a1 videocassette of 1 (Digital Betacam) (37 min.) :$bsd., col. ;$c1/2 in.
=300  \\$3viewing copy.$a1 videodisc of 1 (DVD) (37 min.) :$bsd., col. ;$c4 3/4 in.
=490  1\$aSusana Cook collection
=530  \\$aAlso available online as streaming video.
=500  \\$aTitle supplied by Hemispheric Institute.
=500  \\$aPart of the Hemispheric Institute Digital Video Library.
=534  \\$pMedia source original:$e1 videocassette of 1 (Mini DV) : sd., col. ; 1/4 in. SP.$mMaxell DVM60SE.
=518  \\$aPerformed at Dixon Place, New York City, in July 1997.
=508  \\$aSusana Cook, writer, producer, director.
=511  1\$aSusana Cook (protagonist), Lisa Haas (protagonist), Kate Wilson, Tango Lesbiango Company.
=520  \\$aSusana Cook (www.susanacook.com) is a New York-based Argentinean theater and performance artist. Mainly directed to queer and Latino communities in New York City, Cook's work also encompasses a heated response to broader State policies that oppress communities defined in the intersection of race, gender, and class. In her shows, Cook parodies discourses of power, drawing attention to the close ties between the state, religious and political conservatism, and the military. Cook's plays usually feature all-women casts that defy the normative performance of gender, race, and sexuality. Her piece 'Butch Fashion Show in the Femme Auto Body Shop' was performed at Dixon Pace in the context of the HOT Festival in July, 1997. The performance, a collaboration between Susana and artist Lisa Haas, is comprised of scenes previously worked for a cabaret by Cook's Tango Lesbiango company called 'The Service Economy Vaudeville.' It is a witty, satirical exploration of the ups, downs, and sexual charades at play in an urban butch-femme relationship.
=540  \\$aThere are copyright restrictions on this collection. For more information, go to the online version of this video.
=650  \0$aFeminist theater.
=650  \0$aGay theater.
=650  \0$aLesbian theater.
=650  \0$aIdentity (Psychology)
=650  \0$aLesbian couples.
=653  \\$aQueer/Gay/Lesbian
=653  \\$aIdentity politics
=653  \\$aLatino performance
=655  \7$aPerformance.$2nyu-hidvl
=655  \7$aTheater.$2nyu-hidvl
=655  \7$aQueer/Gay/Lesbian performance.$2nyu-hidvl
=655  \7$aFeminist theater.$2nyu-hidvl
=655  \7$aPolitical performance.$2nyu-hidvl
=655  \7$aLatino theater.$2nyu-hidvl
=700  1\$aCook, Susana.$4pro$4dir$4aut$4prf
=700  1\$aHaas, Lisa.$4prf
=700  1\$aWilson, Kate.$4prf
=710  2\$aCompany Tango Lesbiango.$4prf
=710  2\$aDixon Place.
=710  2\$aHemispheric Institute Digital Video Library.
=830  \0$aSusana Cook collection.
=856  40$uhttp://hdl.handle.net/2333.1/fbg79cxw

