=LDR  04214cga  2200601 a 4500
=001  000560705
=003  NNU
=004  NYUb13553542
=005  20080408163350.0
=006  m\\\\\\\\z\\\\\\\\
=007  vd\cvaizu
=007  vf\ciahou
=007  cr\cna
=007  cr\|||||||||||
=008  071114e19970206nyu016\\\\\\\\\\\\vleng\d
=024  7\$aHI2005_017_01$2nyu-hidvl
=024  7\$aHI2005.017_01$2nyu-hidvl
=035  \\$a(NYU)NYUb13553542
=040  \\$aNNU$cNNU$eamim
=245  00$aHugh Danforth & Toni Tsatoke :$bwinter stories (49ers elders luncheon)$h[videorecording]
=246  3\$aHugh Danforth and Toni Tsatoke :$bwinter stories
=246  3\$iTitle on DVD cover and title screen:$aElder's [sic] luncheon :$bwinter stories
=246  30$aWinter stories
=260  \\$c1997 Feb. 6.
=300  \\$a1 videocassette of 1 (Digital Betacam) (16 min.) :$bsd., col. ;$c1/2 in.$3master.
=300  \\$a1 videodisc of 1 (DVD) (16 min.) :$bsd., col. ;$c4 3/4 in.$3viewing copy.
=490  1\$aAmerican Indian Community House collection
=530  \\$aAlso available online as streaming video.
=500  \\$aTitle supplied by Hemispheric Institute.
=500  \\$aPart of the Hemispheric Institute Digital Video Library.
=534  \\$pMedia source original:$e1 videocassette of 1 (VHS) : sd., col. ; 1/2 in.
=518  \\$aPerformed at The American Indian Community House, New York City, on Feb. 6, 1997.
=508  \\$aAmerican Indian Community House, producer ; Hugh Danforth, creator ; Toni Tsatoke, creator.
=511  0\$aHugh Danforth, Toni Tsatoke, stroytellers.
=520  \\$aHugh Danforth, (Oneida from Wisconsin) and Toni Tsatoke, (Kiowa) provide storytelling and other entertainment for the 49ers Elders Luncheon. The 49ers Elders Luncheon is a monthly event sponsored by the American Indian Community House Health Department to allow community Elders, who are often unable to regularly attend other AICH functions to maintain a close relationship with the community and enjoy an entertaining luncheon. The American Indian Community House (AICH) is an urban Indian center that services the needs of the Native people living in New York City and welcomes Native visitors to the city. AICH was founded in 1969 and has become a de facto neighborhood serving as a meeting place for the diverse Native community of the New York City area. The Community House offers a variety of services ranging from substance abuse and HIV counseling, to career assistance. It is also home to the only Indian owned and operated art gallery in New York City. The AICHs Performing Arts Department has become an important resource for Native visual and performance artists. Through its programming, performance has become an important educational vehicle, both for the Native and non-Native NY community. The Badger's Corner, initiated in the 1980s, is an education-via-entertainment vehicle for the AICHs visual and performing arts department programs. Taking its name from the Pueblo legend of the four-legged creature who led the Pueblo people out of the underworld after the great flood, the intent of its programming is to inform and challenge people to rethink their concept(s) of Native American people and customs. All performances at AICH are presented under the auspices of the Badgers Corner.
=540  \\$aThere are copyright restrictions on this collection. For more information, go to the online version of this video.
=650  \0$aStorytelling.
=650  \0$aStorytellers.
=650  \0$aOral tradition.
=655  \7$aPerformance.$2nyu-hidvl
=655  \7$aStorytelling.$2nyu-hidvl
=655  \7$aNative Americann performance.$2nyu-hidvl
=655  \7$aAmerican Indian winter stories.$2nyu-hidvl
=700  1\$aDanforth, Hugh.$4cre$4stl
=700  1\$aTsatoke, Toni.$4cre$4stl
=710  2\$aAmerican Indian Community House (New York, N.Y.)$4pro
=710  2\$aHemispheric Institute Digital Video Library.
=830  \0$aAmerican Indian Community House collection.
=856  40$uhttp://hdl.handle.net/2333.1/931zcrtq

