=LDR  04963cgm  22007095a 4500
=001  000511251
=003  NNU
=004  NYUb13499619
=005  20080509175351.0
=006  m\\\\\\\\z\\\\\\\\
=007  vd\cvaizu
=007  vf\ciahou
=007  cr\cna
=007  cr\|||||||||||
=008  070523e199703uuck\052\\\\\\\\\\\\vlspa\d
=024  7\$aHI2006_121_01$2nyu-hidvl
=024  7\$aHI2006.121_01$2nyu-hidvl
=040  \\$aNNU$cNNU$eamim
=041  0\$aspa
=043  \\$as-ck---
=245  00$aA flor de piel$h[videorecording].
=260  \\$c1997 Mar.
=300  \\$a1 videocassette of 1 (Digital Betacam) (52 min.) :$bsd., col. ;$c1/2 in.$3master.
=300  \\$a1 videodisc of 1 (DVD) (52 min.) :$bsd., col. ;$c4 3/4 in.$3viewing copy.
=490  1\$aDramaturgia de género : Teatro La Máscara collection
=530  \\$aAlso available online as streaming video.
=546  \\$aIn Spanish.
=500  \\$aTitle supplied by Hemispheric Institute.
=500  \\$aPart of the Hemispheric Institute Digital Video Library.
=534  \\$pMedia source original:$e1 videocassette of 1 (Mini DV) : sd., col. ; 1/2 in. SP.$mTDK T-120.
=518  \\$aPerformed in Cali, Colombia, in Mar. 1997.
=508  \\$aTeatro La Máscara, Bekereke Antzerki Taldea, Blanca Fernández de Jáuregui, producers, collective creation ; Elena Armengod, writer, director ; Carlos Arias, videographer ; Mónika Herrán, Pakiko Ordóñez, photography and video ; Julián Rodríguez, music ; Pedro Alcántara, set and costume design, graphic design ; Tom Donellan, lighting design ; Alba M. Bolaños, María Elena Bolaño, costumes ; Mario Germán Paredes, props ; Iñaki Lekubarri, technician ; Janeth Mesías, secretary.
=511  1\$aLucy Bolaños (protagonist), Ximena Escobar (protagonist), Susana Uribe (protagonist), Janeth Mesías (protagonist).
=520  \\$aA co-production of Teatro La Máscara (Colombia) and Bekereke Antzerki Taldea (Basque Country), 'A Flor de Piel' is a Latin-feminine performance about sexuality from a feminine point of view. Four women meet at a bar, sharing their romantic and erotic dreams and stories between drinks, love letters, and pop quiz questions on love and sex. Abandoning traditional social certainties in order to explore personal doubts and contradictions, the characters submerge in the subjectivity of their consciences, setting free their instincts, sensuality, beauty, pleasure. Through this play, La Máscara evidences the extent to which it is still taboo to talk about feminine sexuality from a feminine perspective in Colombian theater. Teatro La Máscara is the oldest - and one of the only - feminist, all-women's theater in Colombia. Founded in 1972 in Cali, La Máscara was a political theater initially comprised of male as well as female actors; by the early 1980s, when only the women stayed and wanted to continue the theatrical trajectory of the group, Lucy Bolaños decided to make La Máscara a women's ensemble fully dedicated to a feminine dramaturgy on gender issues. Committed to feminism and social change, they have stayed true to this mission, despite the many social and economic pressures they've had to endure in an environment plagued by violence and machismo, which constantly seeks to 'invisibilize' their work. Because of their fruitful stubbornness, La Máscara is not only creating and staging plays, but also working with marginalized communities, actively participating in political protests and demonstrations, and being involved in the organization of theater festivals. Through their work, they keep re-thinking women's role in the construction of a peaceful Colombia.
=540  \\$aThere are copyright restrictions on this collection. For more information, go to the online version of this video.
=650  \0$aFeminist theater$zColombia.
=650  \0$aTheater$zColombia.
=650  \0$aSex$xSocial aspects.
=650  \0$aWomen$xSocial life and customs.
=653  \\$aSexuality and culture
=653  \\$aWomen's sexuality
=653  \\$aCreación colectiva
=655  \7$aPerformance.$2nyu-hidvl
=655  \7$aTheater.$2nyu-hidvl
=655  \7$aFeminist theater.$2nyu-hidvl
=655  \7$aCollective creation.$2nyu-hidvl
=700  1\$aFernández de Jáuregui, Blanca.$4pro$4cre
=700  1\$aArmengod, Elena.$4aut$4drt
=700  1\$aBolaños, Lucy.$4prf
=700  1\$aEscobar, Ximena.$4prf
=700  1\$aUribe, Susana.$4prf
=700  1\$aMesías, Janeth.$4prf
=710  2\$aTeatro La Máscara (Cali, Colombia)$4pro$4cre
=710  2\$aBekereke Antzerki Taldea.$4pro$4cre
=710  2\$aHemispheric Institute Digital Video Library.
=830  \0$aDramaturgia de género : Teatro La Máscara collection
=856  40$uhttp://hdl.handle.net/2333.1/8gtht7fh

