=LDR  04716cgm a22006855a 4500
=001  000512078
=003  NNU
=004  NYUb13500536
=005  20140421143436.0
=006  m\\\\\\\\z\\\\\\\\
=007  vd\cvaizu
=007  vf\ciahou
=007  cr\cna
=007  \\vd
=007  cr\|||||||||||
=008  070529s1997\\\\ck\091\\\\\\\\\\\\vlspa\d
=024  7\$aHI2006_139_A_01$2nyu-hidvl
=024  7\$aHI2006_139_B_01$2nyu-hidvl
=024  7\$aHI2006.139_01_A$2nyu-hidvl
=035  \\$a(NYU)NYUb13500536
=040  \\$aNNU$cNNU$eamim
=041  0\$aspa
=043  \\$as-ck---
=245  00$aManda patibularia$h[videorecording].
=260  \\$c1997.
=300  \\$3master.$a2 videocassettes of 2 (Digital Betacam) (91 min.) :$bsd., col. ;$c1/2 in.
=300  \\$3viewing copy.$a2 videodiscs of 2 (DVD) (91 min. : pt.A, 73 min. ; pt.B, 18 min.) :$bsd., col. ;$c4 3/4 in.
=490  1\$aTeatro La Candelaria collection
=530  \\$aAlso available online as streaming video.
=546  \\$aIn Spanish.
=500  \\$aTitle supplied by Hemispheric Institute.
=500  \\$aPart of the Hemispheric Institute Digital Video Library.
=534  \\$pMedia source original:$e1 videocassette of 1 (VHS) : sd., col. ; 1/2 in. SP.$mTDK ST-120.
=518  \\$aPerformed at Teatro La Candelaria, Bogotá, Colombia, in 1997.
=508  \\$aSantiago García, writer, director ; Teatro La Candelaria, producer, collective creation ; Freddy Vargas, videographer ; Hernando Rodríguez, graphic design, set design, props, costumes ; Carlos Robledo, lighting design ; Hernando Forero, music.
=511  1\$aCésar Badillo, Fernando Peñuela, Rafael Giraldo, Fanny Baena, Nohora Ayala, Francisco Martínez, Hernando Forero, Fernando Mendoza, Patricia Ariza, Liliana Ruiz, Fabio Velazco, Santiago García.
=520  \\$aInspired by Vladimir Nabokov's novel 'Invitation to a Beheading', the play follows the last moments of a man condemned to death penalty. He is going to be beheaded but he does not know when. The prisoner is obsessed with the date of his execution and asks every visitor about this. Everybody, including the warden, hides this information from him. The prisoner is alternatively visited by the warden's daughter, his own mother, a new inmate, and by the warden; even a group of ghosts or visions haunts him. Amidst the nightmarish, carnivalesque ebbs and flows of visitors, the protagonist acts as a deluded philosopher. He alternates obsessive references to the date of his execution with deep (albeit weird) philosophical reflections. Faithful to their traditional exploration of marginal subjects, La Candelaria chooses as main character a true anti-hero, an underdog trapped in the power games of society. La Candelaria was founded in 1966 by a group of independent artists and intellectuals who came from experimental theater and the broader Colombian cultural movement. Directed by Santiago García, La Candelaria (www.teatrolacandelaria.org.co) is one of Colombian theater's most innovative agents, modernizing national drama while addressing popular audiences. By means of an ongoing exploration of national folklore, situations and characters, they have created some of Colombia's most compelling plays, some of them through the method of 'creación colectiva' ('collective creation'), addressing the acute social and political problems of their society. At the same time, they fostered the creation of Corporación Colombiana del Teatro and have developed a number of theoretical works that reflect upon dramatic creation, its methods and languages. Still nowadays, La Candelaria is committed to repertoire, experimentation, and discussion as fundamental elements to artistic creation.
=540  \\$aThere are copyright restrictions on this collection. For more information, go to the online version of this video.
=650  \0$aTheater$zColombia.
=650  \0$aCapital punishment.
=653  \\$aDeath penalty
=653  \\$aCreación colectiva
=655  \7$aPerformance.$2nyu-hidvl
=655  \7$aTheater.$2nyu-hidvl
=655  \7$aCollective creation.$2nyu-hidvl
=655  \7$aColombian theater.$2nyu-hidvl
=700  1\$aGarcía, Santiago.$4aut$4drt$4prf
=700  1\$aVargas, Freddy.$4vdg
=710  2\$aGrupo La Candelaria.$4pro$4cre
=710  2\$aHemispheric Institute Digital Video Library.
=830  \0$aTeatro La Candelaria collection.
=853  00$81$apt.
=863  50$81.1$aA$p31142045838797
=863  50$81.2$aB$p31142045838789
=856  40$uhttp://hdl.handle.net/2333.1/2v6wwq68
=954  \\$81$aVolumes

