=LDR  05352cgm a2200769 a 4500
=001  000556605
=003  NNU
=004  NYUb13549036
=005  20140421143128.0
=006  m\\\\\\\\z\\\\\\\\
=007  vd\cvaizu
=007  vf\ciahou
=007  cr\cna
=007  \\vd
=007  cr\|||||||||||
=008  071101s1997\\\\cau096\\\\\\\\\\\\vlmul\d
=024  7\$aHI2005_076_A_01$2nyu-hidvl
=024  7\$aHI2005_076_B_01$2nyu-hidvl
=024  7\$aHI2005.076_01_A$2nyu-hidvl
=040  \\$aNNU$cNNU$eamim
=041  0\$aeng$aspa
=043  \\$an-us---$an-us-ca
=245  04$aThe dangerous border game (pre-performance event)$h[videorecording]
=260  \\$c1997.
=300  \\$3master.$a2 videocassettes of 2 (Digital Betacam) (96 min.) :$bsd., col. ;$c1/2 in.
=300  \\$3viewing copy.$a2 videodiscs of 2 (DVD) (96 min. : pt.A, 88 min. ; pt.B, 8 min.) :$bsd., col. ;$c4 3/4 in.
=490  1\$aFrom Aztec to High-Tech : the performance video collections of Guillermo Gómez-Peña & La Pocha Nostra, 1985-2004.
=530  \\$aAlso available online as streaming video.
=546  \\$aIn English, Spanish, and Spanglish.
=500  \\$aTitle supplied by Hemispheric Institute.
=500  \\$aPart of the Hemispheric Institute Digital Video Library.
=534  \\$pMedia source original:$e2 videocassettes of 2 (VHS) : sd., col. ; 1/2 in. SP.$mMaxell T-120 HG.
=518  \\$aHeld at Artaud Theater, San Francisco, California, in 1997.
=508  \\$aGuillermo Gómez-Peña, producer ; La Pocha Nostra, producer; Artaud Theater, producer ; Guillermo Gómez-Peña and La Pocha Nostra, creators ; Eric Pukrayura, Christopher Dehm, videographers ; Guillermo Gómez-Peña, conception.
=511  0\$aEric Pukrayura, interviewer.
=520  \\$aThis unedited handheld video footage documents a series of performance interventions with the audience, as a part of Pocha Nostra's performance 'The Dangerous Border Game', a 'culti-multural, end-of-the-century, post-NAFTA, freak show extravaganza' exploring pressing cross-cultural, border-crossing issues on multicultural fears and desires, stereotypes, diversity and identity. The performers asked the audience to assist dressed up as their favorite 'cultural other'; a crew of San Francisco Art Institute students documented this open call on 'cultural transvestism', interviewing the audience as they arrived to the theater. La Pocha Nostra (www.pochanostra.com) is an ever-morphing trans-disciplinary arts organization, founded in 1993 by Guillermo Gómez-Peña, Roberto Sifuentes, and Nola Mariano in California. The objective was to formally conceptualize Gómez-Peña's collaborations with other performance artists. 
=520  \\$aIt provides a base (and forum) for a loose network of rebel artists from various disciplines, generations and ethnic backgrounds, whose common denominator is the desire to cross and erase dangerous borders between art and politics, practice and theory, artist and spectator. As of June 2006, members include performance artists Guillermo Gómez-Peña, Violeta Luna, Michelle Ceballos, and Roberto Sifuentes; curators Gabriela Salgado and Orlando Britto; and over thirty associates worldwide in countries such as Mexico, Spain, the UK, and Australia. Projects range from performance solos and duets to large-scale performance installations including video, photography, audio, and cyber-art. La Pocha collaborates across national borders, race, gender and generations. Their collaborative model functions both as an act of citizen diplomacy and as a means to create ephemeral communities of like-minded rebels.   
=520  \\$aThe basic premise of these collaborations is founded on an ideal: If we learn to cross borders on stage, we may learn how to do so in larger social spheres. La Pocha strives to eradicate myths of purity and dissolve borders surrounding culture, ethnicity, gender, language, and métier. These are radical acts.  
=540  \\$aThere are copyright restrictions on this collection. For more information, go to the online version of this video.
=650  \0$aStereotypes (Social psychology)
=650  \0$aMulticulturalism$zUnited States.
=650  \0$aBorder crossing$zUnited States.
=650  \0$aSideshows$zCalifornia$zSan Francisco.
=650  \0$aFreak shows$zCalifornia$zSan Francisco.
=655  \7$aPerformance.$2nyu-hidvl
=655  \7$aPerformance art.$2nyu-hidvl
=655  \7$aInteractive audience interviews.$2nyu-hidvl
=655  \7$aSideshow.$2nyu-hidvl
=655  \7$aBorder art.$2nyu-hidvl
=655  \7$aReverse anthropology.$2nyu-hidvl
=700  1\$aGómez-Peña, Guillermo.$4pro$4cre
=700  1\$aPukrayura, Eric.$4vdg$4ivr
=700  1\$aDehm, Christopher.$4vdg
=710  2\$aProject Artaud Theater.
=710  2\$aPocha Nostra.
=710  2\$aHemispheric Institute Digital Video Library.
=830  \0$aFrom Aztec to High-Tech : the performance video collections of Guillermo Gómez-Peña & La Pocha Nostra, 1985-2004.
=853  00$81$apt.
=863  50$81.1$aA$p31142046117027
=863  50$81.2$aB$p31142046117035
=856  40$uhttp://hdl.handle.net/2333.1/8931zd0n
=954  \\$81$aVolumes

