=LDR  04478cgm  2200601 a 4500
=001  000562932
=003  NNU
=004  NYUb13555916
=005  20080408163522.0
=006  m\\\\\\\\z\\\\\\\\
=007  vd\cvaizu
=007  vf\ciahou
=007  cr\cna
=007  cr\|||||||||||
=008  071120e19970814nyu060\\\\\\\\\\\\vleng\d
=024  7\$aHI2005_029_01$2nyu-hidvl
=024  7\$aHI2005.029_01$2nyu-hidvl
=040  \\$aNNU$cNNU$eamim
=245  04$aThe Jones Benally Family :$ba traditional night of Navajo dancing$h[videorecording]
=260  \\$c1997 Aug. 14.
=300  \\$a1 videocassette of 1 (Digital Betacam) (60 min.) :$bsd., col. ;$c1/2 in.$3master.
=300  \\$a1 videodisc of 1 (DVD) (60 min.) :$bsd., col. ;$c4 3/4 in.$3viewing copy.
=490  1\$aAmerican Indian Community House collection
=530  \\$aAlso available online as streaming video.
=500  \\$aTitle supplied by Hemispheric Institute.
=500  \\$aPart of the Hemispheric Institute Digital Video Library.
=534  \\$pMedia source original:$e1 videocassette of 1 (VHS) : sd., col. ; 1/2 in.
=518  \\$aPerformed in The Cirlce at The American Indian Community House, New York City, on Aug. 14, 1997.
=508  \\$aAmerican Indian Community House, producer ; Jones Benally Family Dance Troupe (Navajo), creator ; Curtis Harris (San Carlos Apache), introducer.
=511  0\$aJones Benally Family Dance Troupe (Navajo), performers.
=520  \\$aThe American Indian Community House (AICH) presents the internationally acclaimed Jones Benally Family Dance Troupe (Navajo/Diné). The Mesa, Arizona troupe visited the Community House to perform in its Circle where they presented traditional Navajo and inter-tribal dances to the AICH community. The Jones Benally Family Dance Troupe is led by Jones Benally, a world champion hoop dancer, and includes his three grandchildren, who also perform with their politically driven punk rock band Blackfire. With a repertoire of over two dozen Navajo and Inter-Tribal dances, the Troupe has performed in the United States, Europe, South America and Canada, as well as for many Indian Nations. The American Indian Community House (AICH) is an urban Indian center that services the needs of the Native people living in New York City and welcomes Native visitors to the city. AICH was founded in 1969 and has become a de facto neighborhood serving as a meeting place for the diverse Native community of the New York City area. The Community House offers a variety of services ranging from substance abuse and HIV counseling, to career assistance. It is also home to the only Indian owned and operated art gallery in New York City. The AICHs Performing Arts Department has become an important resource for Native visual and performance artists. Through its programming, performance has become an important educational vehicle, both for the Native and non-Native NY community. The Badger's Corner, initiated in the 1980s, is an education-via-entertainment vehicle for the AICHs visual and performing arts department programs. Taking its name from the Pueblo legend of the four-legged creature who led the Pueblo people out of the underworld after the great flood, the intent of its programming is to inform and challenge people to rethink their concept(s) of Native American people and customs. All performances at AICH are presented under the auspices of the Badgers Corner.
=540  \\$aThere are copyright restrictions on this collection. For more information, go to the online version of this video.
=650  \0$aNavajo dance.
=650  \0$aNavajo Indians.
=650  \0$aIndian dance.
=650  \0$aIndians.
=653  \\$aNative American performance
=655  \7$aPerformance.$2nyu-hidvl
=655  \7$aDance.$2nyu-hidvl
=655  \7$aTraditional Navajo dancing.$2nyu-hidvl
=655  \7$aAmerican Indian dance.$2nyu-hidvl
=655  \7$aNative American performance.$2nyu-hidvl
=700  1\$aHarris, Curtis.$4cre
=710  2\$aJones Benally Family Dance Troupe.$4cre$4prf
=710  2\$aAmerican Indian Community House (New York, N.Y.)$4pro
=710  2\$aHemispheric Institute Digital Video Library.
=830  \0$aAmerican Indian Community House collection.
=856  40$uhttp://hdl.handle.net/2333.1/0p2ngf9g

