=LDR  03806cgm a2200541 a 4500
=001  003888585
=005  20140421223741.0
=006  m\\\\\\\\c\\\\\\\\
=007  cr\cna|||m|||a
=007  cr\|||||||||||
=008  131118e199705uucau086\\\\\\\\s\\\vleng\d
=024  7\$aHI2010_084_01$2nyu-hidvl
=040  \\$aNNU$beng$cNNU
=041  0\$aeng$aspa
=245  04$aThe immaculate conception$h[videorecording] :$bfinal version : Working Women's Festival /$cLatina Theatre Lab (Jaime Lujan) and Working Women's Festival, producers ; Dena Martinez, with Wilma Bonet and Francine Torres, directors ; Latina Theatre Lab Ensemble, creator.
=260  \\$c1997 May.
=300  \\$3viewing copy.$a1 streaming video (85 min., 24 sec.) :$bsd., col.
=490  1\$aLatina Theatre Lab collection
=546  \\$aIncludes English and Spanish.
=500  \\$aTitle supplied by Hemispheric Institute.
=500  \\$aPart of the Hemispheric Institute Digital Video Library.
=518  \\$aPerformed at the Working Women's Festival, The 450 Geary Studio, in San Francisco, California, in May, 1997.
=508  \\$aErica Lopez, illustrator ; Margo Reed, stage manager ; Lynn Messenger, sound designer ; Alexandra Vazquez, lighting designer ; Wilma Bonet, set designer.
=511  1\$aCat Callejas, Cristina Frias, Tessa Koning-Martinez, Jaime Lujan, Dena Martinez, Andrea Cristina Thome, Leedia Urteaga, performers.
=520  \\$aThis production, in collaboration with the Working Women Festival, is a play that explores Virgin, Mother, Whore mythology and stereotypes. Body types and image topics are questioned: What does a Virgin look like? A Whore? A Latina? From where do we get these ideas? Is there a God? A Goddess? And why are all Latinas expected to know how to salsa dance??? Latina Theatre Lab was one of the first and only all-Latina collective of writers, performers, and directors in the U.S. Their performance-sketch work dealt with pop culture, immigration, cross-cultural identities, and the complexities of 'being Latina.' The group was founded in 1994 by four San Francisco Bay Area actresses: Dena Martinez, Jaime Lujan, Tessa Koning-Martinez and Wilma Bonet. Their purpose was to create theater that would go beyond the ever shrinking and limited range of roles for which Latina actresses were being considered. These roles were scarce, and rarely defied stereotypes. From 1994-1999, Latina Theatre Lab's work played with these cultural and gender stereotypes, exploring the legacies they inherited both as Latinas and as women. They also collaborated with fellow comedy troupes in California, such as Culture Clash, the Asian American Theater Company, and the 18 Mighty Mountain Warriors.
=534  \\$pMedia source original:$e1 videocassette of 1 (VHS) : sd., col. ; 1/2 in. SP.$mPolaroid T-120.
=540  \\$aThere are copyright restrictions on this collection. For more information, go to the online version of this video.
=650  \0$aIdentity politics.
=650  \0$aGender identity.
=650  \0$aHispanic American women$xEthnic identity.
=650  \0$aSexism.
=650  \0$aStereotypes (Social psychology)
=650  \0$aCultural awareness.
=650  \0$aHispanic American women artists.
=653  \\$aLatina artists.
=655  \7$aPerformance.$2nyu-hidvl
=655  \7$aTheater.$2nyu-hidvl
=655  \7$aMultimedia.$2nyu-hidvl
=655  \7$aPolitical parody.$2nyu-hidvl
=700  1\$aLujan, Jaime.$4pro$4prf
=700  1\$aMartinez, Dena.$4drt$4prf
=700  1\$aBonet, Wilma.$4drt
=700  1\$aTorres, Francine.$4drt
=710  2\$aLatina Theatre Lab.$4pro$4cre$4prf
=710  2\$aHemispheric Institute Digital Video Library.
=830  \0$aLatina Theatre Lab collection.
=856  40$uhttp://hdl.handle.net/2333.1/hmgqnn1j

