=LDR  04183ngm a2200577 a 4500
=001  000563325
=003  NNU
=004  NYUb13556341
=005  20071210173436.0
=006  m\\\\\\\\z\\\\\\\\
=007  vd\cvaizu
=007  vf\ciahou
=007  cr\cna
=007  cr\|||||||||||
=008  071120e19970517nyu074\\\\\\\\\\\\vleng\d
=024  7\$aHI2005_035_01$2nyu-hidvl
=024  7\$aHI2005.035_01$2nyu-hidvl
=040  \\$aNNU$cNNU$eamim
=043  \\$au-at---
=245  00$aDoonooch Aboriginal Dancers$h[videorecording]
=260  \\$c1997 May 17.
=300  \\$3master.$a1 videocassette of 1 (Digital Betacam) (74 min.) :$bsd., col. ;$c1/2 in.
=300  \\$3viewing copy.$a1 videodisc of 1 (DVD) (74 min.) :$bsd., col. ;$c4 3/4 in.
=490  1\$aAmerican Indian Community House collection
=530  \\$aAlso available online as streaming video.
=500  \\$aTitle supplied by Hemispheric Institute.
=500  \\$aPart of the Hemispheric Institute Digital Video Library.
=534  \\$pMedia source original:$e1 videocassette of 1 (VHS) : sd., col. ; 1/2 in.
=518  \\$aPerformed at The American Indian Community House, New York City, on May 17, 1997.
=508  \\$aAmerican Indian Community House, producer ; Doonooch Dance Company, creator ; Bobby McLeod, director.
=511  0\$aDoonooch Dance Company, performers.
=520  \\$aThe Doonooch Dance Company showcases unique performances which combine traditional and Aboriginal dance. The group has toured nationally throughout Australia and internationally to many countries. In 2000, the Doonooch Dancers were part of the Olympic Games Opening Ceremony and were feature performers at the World Indigenous Forum in Noumea. The company was founded in 1991 by singer-songwriter and traditional lore keeper Robert McLeod (Monaro and Tomakin/Wandandian), who initially established programs for Aboriginal men and youth which recognized culture as the touchstone of Indigenous wellbeing. The American Indian Community House (AICH) is an urban Indian center that services the needs of the Native people living in New York City and welcomes Native visitors to the city. AICH was founded in 1969 and has become a de facto neighborhood serving as a meeting place for the diverse Native community of the New York City area. The Community House offers a variety of services ranging from substance abuse and HIV counseling, to career assistance. It is also home to the only Indian owned and operated art gallery in New York City. The AICHs Performing Arts Department has become an important resource for Native visual and performance artists. Through its programming, performance has become an important educational vehicle, both for the Native and non-Native NY community. The Badger's Corner, initiated in the 1980s, is an education-via-entertainment vehicle for the AICHs visual and performing arts department programs. Taking its name from the Pueblo legend of the four-legged creature who led the Pueblo people out of the underworld after the great flood, the intent of its programming is to inform and challenge people to rethink their concept(s) of Native American people and customs. All performances at AICH are presented under the auspices of the Badgers Corner.
=540  \\$aThere are copyright restrictions on this collection. For more information, go to the online version of this video.
=650  \0$aDance, Aboriginal Australian.
=650  \0$aDance$zAustralia.
=650  \0$aAboriginal Australians.
=653  \\$aIndigenous performance
=653  \\$aNative performing arts
=655  \7$aPerformance.$2nyu-hidvl
=655  \7$aDance.$2nyu-hidvl
=655  \7$aAboriginal dance.$2nyu-hidvl
=700  1\$aMcLeod, Bobby.$4drt
=710  2\$aDoonooch Dance Company.$4cre$4dnc$4prf
=710  2\$aAmerican Indian Community House (New York, N.Y.)$4pro
=710  2\$aHemispheric Institute Digital Video Library.
=830  \0$aAmerican Indian Community House collection.
=856  40$uhttp://hdl.handle.net/2333.1/76hdr831

