=LDR  06002cgm  2200865 a 4500
=001  000540560
=003  NNU
=004  NYUb13531731
=005  20080407151706.0
=006  m\\\\\\\\z\\\\\\\\
=007  vd\cvaizu
=007  vf\ciahou
=007  cr\cna
=007  cr\|||||||||||
=008  070904s1997\\\\pr\138\\\\\\\\\\\\vlspa\d
=024  7\$aHI2007_101_01$2nyu-hidvl
=024  7\$aHI2007_102_01$2nyu-hidvl
=024  7\$aHI2007_103_01$2nyu-hidvl
=024  7\$aHI2007_104_01$2nyu-hidvl
=024  7\$aHI2007.101_01$2nyu-hidvl
=035  \\$a(NYU)NYUb13531731
=040  \\$aNNU$cNNU$eamim
=041  0\$aspa
=043  \\$anwpr---
=245  00$aEsperando a Godot$h[videorecording].
=246  3\$aEsperando a Godó
=246  33$aWaiting for Godot
=260  \\$c1997.
=300  \\$3master.$a4 videocassettes of 4 (Digital Betacam) (138 min.) :$bsd., col. ;$c1/2 in.
=300  \\$3viewing copy.$a4 videodiscs of 4 (DVD) (138 min. : pt.1, 61 min. ; pt.2, 16 min. ; pt.3, 51 min. ; pt.4, 10min.) :$bsd., col. ;$c4 3/4 in.
=490  1\$aRosa Luisa Márquez and theater collaborators
=530  \\$aAlso available online as streaming video.
=546  \\$aIn Spanish.
=500  \\$aTitle supplied by Hemispheric Institute.
=500  \\$aPart of the Hemispheric Institute Digital Video Library.
=534  \\$pMedia source original:$e4 videocassettes of 4 (Mini DV) : sd., col. ; 1/4 in. SP.$mPanasonic DVM60 ME.
=518  \\$aPerformed at University of Puerto Rico, Río Piedras Campus, Puerto Rico, in 1997.
=508  \\$aUniversity of Puerto Rico (Río Piedras Campus), producer ; Rosa Luisa Márquez, producer, director ; based on the text by Samuel Beckett ; Antonio Martorell, set design, visual concept ; Omar Silva, music director ; Beliza Torres, assistant director ; Marisol Cuevas, Rossana Álamo, production assistants ; Rubén Ríos Ávila, dramaturg ; Ana Lydia Vega, Robert Villanúa, writers of Lucky's monologue ; Ariel Cuevas, Checo Cuevas, set & lighting ; Tony González Walker, videographer ; Ricardo Alcaraz, Miguel Villafañe, José Pérez Mesa, photographers.
=511  1\$aTeresa Hernández, Javier Cardona, Antonio Pantojas, Carola García, Yamil Collazo, Omar Silva.
=520  \\$a'Remark that I might just as well have been in his shoes and he in mine. If chance had not willed otherwise': Pozzo's line from Samuel Beckett's 'Waiting for Godot' gives the audience clues through which to decipher the coordinates of Rosa Luisa Márquez rendition of this Theater of the Absurd masterpiece. Adapted to the Puerto Rican reality, this play places the audience onstage, witnessing the games, confrontations and exchanges between homeless characters that unfold, double, repeat and change hats under a tree made up of recycled materials and junk, haunted by a an eerie sea of empty theater seats, torn between hope and despair waiting. Rosa Luisa Márquez (www.marquezmartorell.org) is a Puerto Rican theater artist and pedagogue. Founding member of the theater group Anamú in 1971, she holds a Master's degree from New York University and a Doctorate from Michigan State University; she specializes in contemporary theater. Rosa Luisa started her teaching career at the Theater department of the University of Puerto Rico in 1978. She developed the current curriculum of Drama Activities, which she teaches in her workshops at schools, prisons, rehab centers, women's shelters, nursing homes and community centers. Her directing projects include 'Romeo(s) y Julieta(s),' 'Historias para ser Contadas,' 'La Leyenda del Cemí,' 'Procesión,' 'Waiting for Godot,' 'Jardín de Pulpos,' 'Absurdos en Soledad,' 'El León y la Joya,' among others. In conjunction with Puerto Rican visual artist Antonio Martorell, she created the concept of Itinerant Performers (1987-1990) resulting in twelve productions. Published books include 'Brincos y saltos: el juego como disciplina teatral' and 'Historias para ser contadas, montaje de Rosa Luisa Márquez.' She is a member of the board of directors and pedagogical team for the EITALC's International School of Latin American and Caribbean Theater. Ongoing artistic collaborators include Gilda Navarra and Antonio Martorell (Puerto Rico), Grupo Malayerba (Ecuador), Grupo Yuyachkani (Peru), and directors Peter Shumann (Bread & Puppet Theater, U.S.A.) and Augusto Boal (Theater of the Oppressed, Brazil).
=540  \\$aThere are copyright restrictions on this collection. For more information, go to the online version of this video.
=650  \0$aTheater$zPuerto Rico.
=650  \0$aExperimental theater$zPuerto Rico.
=650  \0$aTheater of the absurd.
=650  \0$aHomeless persons$zPuerto Rico$vDrama.
=650  \0$aHomelessness$zPuerto Rico$vDrama.
=653  \\$aCollaborative creation
=655  \7$aPerformance.$2nyu-hidvl
=655  \7$aTheater.$2nyu-hidvl
=655  \7$aExperimental theater.$2nyu-hidvl
=655  \7$aCollective creation.$2nyu-hidvl
=700  1\$aMárquez, Rosa Luisa.$4pro$4drt
=700  1\$aBeckett, Samuel,$d1906-1989.$tEn attendant Godot.
=700  1\$aMartorell, Antonio,$d1939-$4std
=700  1\$aSilva, Omar.$4mus$4drt
=700  1\$aTorres, Beliza.$4drt
=700  1\$aCuevas, Marisol.$4prd
=700  1\$aÁlamo, Rossana.$4prd
=700  1\$aRíos Avila, Rubén.$4oth
=700  1\$aVega, Ana Lydia,$d1946-$4aut
=700  1\$aVillanua, Robert.$4aut
=710  2\$aUniversity of Puerto Rico (Río Piedras Campus)$4pro
=710  2\$aHemispheric Institute Digital Video Library.
=830  \0$aRosa Luisa Márquez and theater collaborators.
=856  40$uhttp://hdl.handle.net/2333.1/qrfj6qgj
=853  00$81$apt.
=863  50$81.1$a1$p31142045977496
=863  50$81.2$a2$p31142045977504
=863  50$81.3$a3$p31142045979344
=863  50$81.4$a4$p31142045979047
=954  \\$81$aVolumes

