=LDR  05665cgm a2200697 a 4500
=001  000550479
=003  NNU
=004  NYUb13542413
=005  20080408121317.0
=006  m\\\\\\\\z\\\\\\\\
=007  vd\cvaizu
=007  vf\ciahou
=007  cr\cna
=007  cr\|||||||||||
=008  071009s1997\\\\cu\015\\\\\\\\\\\\vlspa\d
=024  7\$aHI2007_182_03$2nyu-hidvl
=024  7\$aHI2007.182_03$2nyu-hidvl
=035  \\$a(NYU)NYUb13542413
=040  \\$aNNU$cNNU$eamim
=041  0\$aspa
=043  \\$anwcu---
=245  00$a--se parece a la felicidad$h[videorecording].
=246  3\$aSe parece a la felicidad
=260  \\$c1997.
=300  \\$3master.$a1 videocassette of 1 (Digital Betacam) (15 min.) :$bsd., col. ;$c1/2 in.
=300  \\$3viewing copy.$a1 videodisc of 1 (DVD) (15 min.) :$bsd., col. ;$c4 3/4 in.
=490  1\$aManuel Mendive collection
=530  \\$aAlso available online as streaming video.
=546  \\$aIn Spanish.
=500  \\$aContained on disc HI2007.182_01 ("Para el ojo que mira").
=500  \\$aTitle supplied by Hemispheric Institute.
=500  \\$aPart of the Hemispheric Institute Digital Video Library.
=534  \\$pMedia source original:$e1 videocassette of 1 (VHS) : sd., col. ; 1/2 in. SP.$mLG T-120S.
=518  \\$aPerformed in La Habana, Cuba, in 1997.
=508  \\$aManuel Mendive, producer, creator, script ; Aarón Vega, documetary director, script ; Noel Álvarez (Luz Brillante Producciones), executive producer ; Juan Delgado, performance production, executive coordination ; Alexander González, Carlos Molina, special assistants to Mendive ; Rafael Solís, director of photography ; Pedro Suárez, editor ; Andrés Ortega, assistant editor ; Marcelo Suárez, technical assistant ; Rafael Solís, Iván Nápoles, Ernesto Gil, videographers ; Javier Figueroa, Pedro Suárez, Andrés Ortega, Aarón Vega, soundtrack ; José León, live sound ; Guillermina Ramos, consultant.
=511  0\$aManuel Mendive, artist ; Roger Lorda, Inés María Pérez, Joel Pérez, Danays Rivero, Santiago Nani (Mendive's dancers, musicians, and models) ; Gisela González, Wendy Ferrer, Pablo Trujillo, Ángel Saldívar, Aime Herrera, Ana Francis, Víctor Alexander, Isbert Ramos, Alexis Zanete (Danza Nacional de Cuba dancers) ; Dennis Bain, Alberto González, Aloy Junco, Robinson Chacón (Conjunto Folklórico Nacional de Cuba danceers) ; César Waterson, Alfredo Torres, Raúl Montes, Maikel Navarro (Tropicana dancers) ; Roy Carreño, René Cuevas, Eduardo Dorticos (acrobats) ; Grupo Raíces Profundas, Grupo JJ (dancers & musicians) ; Regino Jiménez, Fermín Nani, Armando Aballi, Ciro Colas (Danza Nacional de Cuba musicians).
=520  \\$aIn 'se parece a la felicidad,' renowned Cuban artist Manuel Mendive orchestrates a massive performance event, combining visual arts, music, dance, performance art, Afro-Cuban elements and 200 hundred bodies painted to represent the sky, the sea, and the land. In this performance, brightly-colored bodies streak through the streets of Havana, shouting and gesturing wildly, dancing in sync, carrying ducks. Aaron Vega's video documents this exuberant public body art performance, including scenes of Mendive's unique method of preparing the performers: painting some with bright animals and abstract shapes, and covering others entirely in one color. Manuel Mendive Hoyo (www.mendive.cult.cu) is perhaps the single most important Cuban artist today. Mendive, a major exponent of contemporary 'Afro-cubanismo' in the visual arts, was born in 1944 into a Santería-practicing family. He graduated from the prestigious Academia de Artes Plásticas San Alejandro in Havana in 1962 with honors in sculpture and painting. He held his first one-man show at the Center of Art in Havana in 1964. Since then he has exhibited in some of the most important international venues. The Cuban booth at the XLII International Biennial Exhibition of Modern Art in Venice in 1988 was completely dedicated to his works. His work can be found in Museums and galleries in many countries including the Museo Nacional de Bellas Artes in Havana, the Musee d'Art Moderne in Paris; as well as museums in Russia, Somalia, Congo, Norway, Denmark, Finland and the U.S and other countries. He is well-known not only for his painting and soft sculpture, but for his performance pieces in which he paints dancers' naked bodies and creates theatrical backdrops and environments. Representing an important strain of Cuban life, Mendive's multi-media work reflects his syncretic take on religion, philosophy, ethnography, art and dance.
=540  \\$aThere are copyright restrictions on this collection. For more information, go to the online version of this video.
=650  \0$aArt$zCuba.
=650  \0$aPerformance art$zCuba.
=650  \0$aBody painting.
=653  \\$aAfro-Cuban
=653  \\$aVisual arts
=655  \7$aDocumentary.$2nyu-hidvl
=655  \7$aPerformance.$2nyu-hidvl
=655  \7$aAfro-Cuban performance.$2nyu-hidvl
=655  \7$aBody painting.$2nyu-hidvl
=655  \7$aPerformance art.$2nyu-hidvl
=700  1\$aMendive, Manuel,$d1944-$4pro$4cre$4aut$4prf
=700  1\$aVega, Aaron.$4drt$4aut
=700  1\$aÁlvarez, Noel.$4pro
=700  1\$aDelgado, Juan.$4prd
=700  1\$aGonzalez, Alexander.$4oth
=700  1\$aMolina, Carlos.$4oth
=710  2\$aHemispheric Institute Digital Video Library.
=830  \0$aManuel Mendive collection.
=856  40$uhttp://hdl.handle.net/2333.1/x0k6djvx

