=LDR  07375cgm a2200733 a 4500
=001  001150040
=003  NNU
=004  NYUb12973270
=005  20080408142723.0
=006  m\\\\\\\\z\\\\\\\\
=007  vd|cvaizu
=007  vf|ciahou
=007  vd|cvaizu
=007  cr\|||||||||||
=008  041029s1997\\\\mx\093\\\\\\\\\\\\vlspa\d
=024  7\$aHI2004_047_01$2nyu-hidvl
=024  7\$aHI2004.047_01$2nyu-hidvl
=040  \\$aNNU$cNNU$eamim
=041  0\$aspa
=043  \\$an-mx---
=245  03$aLa Chinga (partorela)$h[videorecording].
=260  \\$c1997.
=300  \\$3viewing copy.$a1 videodisc of 1 (DVD) (93 min.) :$bsd., col. ;$c4 3/4 in.
=300  \\$3master.$a1 videocassette of 1 (Digital Betacam) (93 min.) :$bsd., col. ;$c1/2 in.
=490  1\$aEl Hábito collection
=530  \\$aAlso available online as streaming video.
=546  \\$aIn Spanish.
=500  \\$aTitle supplied by Hemispheric Institute.
=500  \\$aPart of the Hemispheric Institute Digital Video Library.
=534  \\$pMedia source original:$e1 videocassette of 1 (VHS) ; digital sd., col. ; 1/2 in.
=518  \\$aPerformed at Teatro Bar El Hábito, Mexico City, Mexico, in 1997.
=508  \\$aJesusa Rodríguez, writer, producer, director ; Liliana Felipe, producer, musical director ; Sheila Goloborotko, mask maker.
=511  1\$aJesusa Rodríguez, Tito Vasconcelos, Diego Luna, Clarissa Malheiros, Diego Jáuregui, Andrés Loewe, Flor Eduarda Gurrola, Liliana Felipe (musician), Jacobo Lieberman (musician).
=520  \\$aIn this street/cabaret performance, La Chinga, a Mexican ensemble that explores popular archetypes present in the collective imagery, rooted in the tradition of XIX-century satiric lithography, turns the traditional theater genre of the 'pastorela' (Nativity play) on its head. The resulting 'partorela' (a pun for 'parto' or 'delivery,' 'birth,' 'enlightenment') presents La China (impersonation of Mexico City by Jesusa Rodríguez), about to give birth to 'El Niño' (a climate phenomenon? The Blessed Child?) at 'a hermeneutic and metaphysical crossroads': Mexico City's subway system. In a satiric reenactment and actualization of Mexican archetypes in the context of current sociopolitical events, La China's uterus is stolen in a convergence of police brutality, political corruption, the involvement of a militaristic Church, all wrapped in satiric, underdog picaresque. A heated debate arises on the baby's fate as characters El Maromero (the corrupted politician), El Cura (the corrupted Church) and El Pulque (Mexican folk inspiration and wisdom) each has in his power an element of China's 'extrauterine pregnancy': the uterus (stolen by El Maromero), the zygote (destined by El Cura to have a 'moral' delivery), and the shadow (or 'soul,' in the custody of El Pulque). In order to recover her pregnancy's constituting parts, La China has to get involved with the campaigns of candidates to the Secretary of Education, the Ministry of Culture, the Secretary of Treasury, and the Presidency in the upcoming Mexican elections. After recovering the parts, and with the aid of El Pulque, La China gives birth to El Niño (a big-headed baby), who in his 'intrauterine gibberish' -simultaneously translated by La China- asks the audience for petitions to be considered in his candidacy for the Presidency of Mexico. The Army, the Corrupted Politician and the militarized Church, who had before manipulated, puppet-like, an effigy of President Ernesto Zedillo in a satiric song on military interventions in Chenhaló, Chiapas, end up crucifying El Niño, leaving open the question of what will happen in the next presidential elections. Mexican director, actress, playwright, performance artist, scenographer, entrepreneur, and social activist Jesusa Rodríguez has been called the most important woman of Mexico. Often referred to as a chameleon, Rodríguez moves seemingly effortlessly and with vigor across the spectrum of cultural forms, styles, and tones. Her espectáculos (as both spectacles and shows) challenge traditional classification, crossing with ease generic boundaries: from elite to popular to mass, from Greek tragedy to cabaret, from pre-Columbian indigenous to opera, from revue, sketch and carpa, to performative acts within political projects. Humor, satire, linguistic play, and the body are constants in her productions. She seeks to render corporal and, thus, visible, the tensions between the discourses in operation on and through the individual and collective body. Rodriguez's energy is intense and her commitment non-negotiable, always interrogating the nature, site, and consequences of power and its representation. Liliana Felipe, one of Latin America's foremost singers and composers, was born in Argentina in the 1950s. She left for Mexico just before the outbreak of the 'Dirty War' (1976), but her sister and brother-in-law were both 'disappeared'--victims of the military dictatorship's criminal politics. Liliana's music has a wide following in Latin America. She continues to be a powerful presence in Argentina, working with human rights organizations--especially H.I.J.O.S. (the organization of the children of the disappeared). In Mexico, Liliana went to one of Jesusa Rodríguez's performances. Jesusa, catching a glimpse of Felipe in the audience, remembers saying to herself: I am going to die with that woman. Since then, Liliana and Jesusa have created two performance spaces, El Cuervo and later El Hábito in Coyoacán, Mexico City, that they still run. They 'married' in February 2000. El Hábito (www.elhabito.com.mx) is a hotbed for intellectuals, feminists, gay rights activists and open-minded, progressive people who want to be engaged by a smart and critical humor. In this off-off space, and with the collaboration of their theater cooperative Las Divas, Jesusa y Liliana have produced hundreds of shows since the 1980s.
=540  \\$aThere are copyright restrictions on this collection. For more information, go to the online version of this video.
=600  00$aJesus Christ$xNativity$vParodies, imitations, etc.
=650  \0$aPastoral drama, Mexican.
=651  \0$aMexico$xPolitics and government$y20th century.
=651  \0$aMexico$xSocial conditions.
=655  \7$aPerformance.$2nyu-hidvl
=655  \7$aCabaret.$2nyu-hidvl
=655  \7$aPopular theater.$2nyu-hidvl
=655  \7$aPolitical performance.$2nyu-hidvl
=655  \7$aSatire.$2nyu-hidvl
=655  \7$aPastorela/Nativity play.$2nyu-hidvl
=700  1\$aRodríguez, Jesusa.$4aut$4pro$4drt$4prf
=700  1\$aFelipe, Liliana.$4pro$4drt$4mus
=700  1\$aLieberman, Jacobo.$4mus
=700  1\$aVasconcelos, Tito.$4prf
=700  1\$aLuna, Diego,$d1979-$4prf
=700  1\$aMalheiros, Clarissa.$4prf
=700  1\$aJáuregui, Diego.$4prf
=700  1\$aLoewe, Andrés.$4prf
=700  1\$aGurrola, Flor Eduarda.$4prf
=700  1\$aGoloborotko, Sheila.$4art
=710  2\$aLa Chinga (Theater group)
=710  2\$aHemispheric Institute Digital Video Library.
=830  \0$aJesusa Rodríguez & Liliana Felipe : El Hábito collection.
=856  40$uhttp://hdl.handle.net/2333.1/vx0k6drw

