=LDR  07251cgm a22007815a 4500
=001  001150048
=003  NNU
=004  NYUb12973279
=005  20080408142731.0
=006  m\\\\\\\\z\\\\\\\\
=007  vd\cvaizu
=007  vf\ciahou
=007  vd|cvaizu
=007  cr\|||||||||||
=008  041029s1997\\\\mx\012\\\\\\\\\\\\vlspa\d
=024  7\$aHI2004_048_01$2nyu-hidvl
=024  7\$aHI2004.048_01$2nyu-hidvl
=040  \\$aNNU$cNNU$eamim
=041  0\$aspa
=043  \\$an-mx---
=245  03$aLa Chinga (promo reel)$h[videorecording].
=260  \\$c1997.
=300  \\$3viewing copy.$a1 videodisc of 1 (DVD) (12 min.) :$bsd., col. ;$c4 3/4 in.
=300  \\$3master.$a1 videocassette of 1 (Digital Betacam) (12 min.) :$bsd., col. ;$c1/2 in.
=490  1\$aEl Hábito collection
=530  \\$aAlso available online as streaming video.
=546  \\$aIn Spanish.
=500  \\$aTitle supplied by Hemispheric Institute.
=500  \\$aPart of the Hemispheric Institute Digital Video Library.
=534  \\$pMedia source original:$e1 videocassette of 1 (VHS) ; sd., col. ; 1/2 in.$mSony T-120.
=518  \\$aPerformed at Teatro Bar El Hábito, Mexico City, Mexico, in 1997.
=500  \\$aThis is tape 2 of a 2 tape group (HI2004.047_01 and HI2004.048_01).
=508  \\$aJesusa Rodríguez, producer, writer, director ; Liliana Felipe, producer, musical director ; Sheila Goloborotko, mask maker.
=511  1\$aJesusa Rodríguez; Tito Vasconcelos; Diego Luna; Clarissa Malheiros; Diego Jáuregui; Andrés Loewe; Flor Eduarda Gurrola; Bibiana Goday; Liliana Felipe.
=520  \\$aLa Chinga is a Mexican theater company devoted to the development of an itinerant, populist, inclusive, journalistic street performance ensemble. It intends to explore, recuperate and document the corporeal, vocal and musical characteristics of Mexico's popular archetypes present in the collective imagery and rooted in the tradition of satiric lithography as developed at the end of the XIX century by artists like José María Villasana, Daniel Cabrera, José Guadalupe Posada and Constantino Escalante, among others. The result, a sorts of Mexican Commedia dell'Arte -with improvisational twists and turns aiming to evidence vices in social conduct- is less an archaeological 'reconstruction' than a humorous, satiric reenactment and actualization of these archetypes in the context of current sociopolitical events in the public sphere. Some archetypical characters -depicted in masks created by Sheila Goloborotko- are: 'El Hijo del Ahuizote' (the persecuted and censored journalist), 'Doña Caralampia Mondongo' (the spirit of criticism), 'Don Catrín de la Fachenda' (the pretentious deceiver), 'La Jamona' (the socialite old maid, stalker of young men), 'El Dictador' (the figure of power and authoritarism), 'El Padre Cobos' (the anticlericalist), 'El Maromero' (the exploitative politician who, no matter what, is always back on his feet), 'El Lépero' (the eternal underdog, the moral contagium), 'El Pulque' (the folkloric embodiment of inspiration), 'El Pelado' (the builder of the nation), 'La China' (the brave townswoman), and 'El Cuico' (the roguish policeman). The cast is conformed by Liliana Felipe, Bibiana Goday, Flor Eduarda Gurrola, Diego Jáuregui, Clarissa Malheiros, Andrés Loewe, Diego Luna, Tito Vasconcelos, and Jesusa Rodríguez. This documentary video is a sorts of presentational, introductory manifesto of the La Chinga project. Mexican director, actress, playwright, performance artist, scenographer, entrepreneur, and social activist Jesusa Rodríguez has been called the most important woman of Mexico. Often referred to as a chameleon, Rodríguez moves seemingly effortlessly and with vigor across the spectrum of cultural forms, styles, and tones. Her espectáculos (as both spectacles and shows) challenge traditional classification, crossing with ease generic boundaries: from elite to popular to mass, from Greek tragedy to cabaret, from pre-Columbian indigenous to opera, from revue, sketch and carpa, to performative acts within political projects. Humor, satire, linguistic play, and the body are constants in her productions. She seeks to render corporal and, thus, visible, the tensions between the discourses in operation on and through the individual and collective body. Rodriguez's energy is intense and her commitment non-negotiable, always interrogating the nature, site, and consequences of power and its representation. Liliana Felipe, one of Latin America's foremost singers and composers, was born in Argentina in the 1950s. She left for Mexico just before the outbreak of the 'Dirty War' (1976), but her sister and brother-in-law were both 'disappeared'--victims of the military dictatorship's criminal politics. Liliana's music has a wide following in Latin America. She continues to be a powerful presence in Argentina, working with human rights organizations--especially H.I.J.O.S. (the organization of the children of the disappeared). In Mexico, Liliana went to one of Jesusa Rodríguez's performances. Jesusa, catching a glimpse of Felipe in the audience, remembers saying to herself: I am going to die with that woman. Since then, Liliana and Jesusa have created two performance spaces, El Cuervo and later El Hábito in Coyoacán, Mexico City, that they still run. They 'married' in February 2000. El Hábito (www.elhabito.com.mx) is a hotbed for intellectuals, feminists, gay rights activists and open-minded, progressive people who want to be engaged by a smart and critical humor. In this off-off space, and with the collaboration of their theater cooperative Las Divas, Jesusa y Liliana have produced hundreds of shows since the 1980s.
=540  \\$aThere are copyright restrictions on this collection. For more information, go to the online version of this video.
=650  \0$aPolitics in art.
=650  \0$aParody in art.
=650  \0$aSatire, Mexican.
=650  \0$aPolitical plays, Mexican.
=650  \0$aTheater$zMexico.
=650  \0$aMusic-halls (Variety-theaters, cabarets, etc.)$zMexico.
=651  \0$aMexico$xPolitics and government$y20th century.
=651  \0$aMexico$xSocial conditions.
=651  \0$aMexico$xSocial life and customs.
=655  \7$aPerformance.$2nyu-hidvl
=655  \7$aCabaret.$2nyu-hidvl
=655  \7$aPopular theater.$2nyu-hidvl
=655  \7$aPolitical performance.$2nyu-hidvl
=655  \7$aSatire.$2nyu-hidvl
=655  \7$aMask performance.$2nyu-hidvl
=700  1\$aRodríguez, Jesusa.$4aut$4drt$4prf
=700  1\$aFelipe, Liliana.$4mdr$4prf$4mus
=700  1\$aLoewe, Andrés.$4prf
=700  1\$aGurrola, Flor Eduarda.$4prf
=700  1\$aJáuregui, Diego.$4prf
=700  1\$aGoloborotko, Sheila.$4cst
=700  1\$aVasconcelos, Tito.$4prf
=700  1\$aGoday, Bibiana.$4prf
=710  2\$aLa Chinga (Theater group)
=710  2\$aHemispheric Institute Digital Video Library.
=830  \0$aJesusa Rodríguez & Liliana Felipe : El Hábito collection.
=856  40$uhttp://hdl.handle.net/2333.1/r4xgxd7k

