=LDR  05900ngm  2200757 a 4500
=001  000032011
=003  NNU
=004  NYUb13610637
=005  20080503142957.0
=006  m\\\\\\\\z\\\\\\\\
=007  vd\cvaizu
=007  vf\ciahou
=007  cr\cna
=007  cr\|||||||||||
=007  vd\cvaizu
=008  080503e199701uuxx\140\\\\\\\\\\\\vleng\d
=024  7\$aHI2007_252_01$2nyu-hidvl
=024  7\$aHI2007_253_01$2nyu-hidvl
=024  7\$aHI2007_254_01$2nyu-hidvl
=024  7\$aHI2007.252_01$2nyu-hidvl
=024  7\$aHI2007.253_01$2nyu-hidvl
=024  7\$aHI2007.254_01$2nyu-hidvl
=035  \\$a(NYU)NYUb13610632
=040  \\$aNNU$cNNU$eamim
=041  0\$aeng$arus
=079  \\$a(OCoLC)878606470
=245  00$aThree sisters$h[videorecording].
=260  \\$c1997 Jan.
=300  \\$3viewing copy.$a3 videodiscs of 3 (DVD) (140 min.: pt.1, 62 min. ; pt.2, 62 min. ; pt.3, 16 min.) :$bsd., col. ;$c4 3/4 in.
=300  \\$3master.$a3 videocassettes of 3 (Digital Betacam) (140 min.) :$bsd., col. ;$c1/2 in.
=490  1\$aRichard Schechner's Productions collection
=530  \\$aAlso available online as streaming video.
=546  \\$aIn English and Russian.
=500  \\$aTitle supplied by Hemispheric Institute.
=500  \\$aPart of the Hemispheric Institute Digital Video Library.
=534  \\$pMedia source original:$e3 videocassettes of 3 (Mini DV) : sd., col. ; 1/4 in. SP.$mPanasonic DVM60.
=518  \\$aPerformed at La MaMa Annex, New York City, in January 1997.
=508  \\$aRichard Schechner, producer, director ; East Coast Artists, producer ; Anton Chekhov, writer ; Michele Minnick, translation ; Ralph Denzer, Rebecca Ortese, musical directors ; Chris Muller, set design ; Constance Hoffman, costumes ; Russell Champa, lighting.
=511  1\$aRebecca Ortese (Olga), Shaula Chambliss (Irina), Dylan Green (Chebutykin), David Letwein (Tusenbakh), Jeff Ricketts (Solyony), Maria Marissa Copeland (Masha), Michele Minnick (Anfisa), Ronobir Lahari (Ferapont), Frank Wood (Vershinin), Drew Barr (Andrei), Lars Hanson (Kulyugin), Paula Murray Cole (Natasha), Sudipto Chatterjee (Fedotik).
=520  \\$aRather than lock Chekhov's 'Three Sisters' into its own or any other single period, the production moves through time. The first act, performed realistically, takes place in 1901 in a provincial Russian town. The action centers around the 22nd birthday party of Irina, the youngest sister and the arrival in town of the handsome officer, Colonel Vershinin. The second act is staged in biomechanical style, as the Russian director Vsevolod Meyerhold might have done in the early 1920s, the high point of Soviet revolutionary aspirations. The stage is bare except for two benches, a couch, and a piano. The actors sing Red Army songs. The third act takes place in the 1950s in a Siberian labor camp. The prisoners enact Chekhov's play as they build walls of cinder blocks. The last act takes place in the here and now of the theater. The performers, speaking through microphones, address the audience directly. In the background, fragments of dialogue from the previous acts are spoken in an undertone. The sisters' dream of returning to Moscow has been shattered; the love affairs have ended. As the sisters wonder what their suffering means, the old doctor Chebutykin mutters, 'It doesn't matter, it doesn't matter.' Though performed mostly in English, Chekhov's Russian text is also heard as the role of Anfisa is played entirely in that language by Michele Minnick who translated the play from Russian. The cast also performs a number of East European songs from the 19th and 20th centuries. In this production, East Coast Artists test and explore the relevance of 'Three Sisters' as drama, physical theater, fear and hope in desperate times, farce, and soap-opera. Richard Schechner is a theater director, performance theorist and university professor known for being one of the founders of the academic discipline of Performance Studies at Tisch School of the Arts, New York University. Schechner combines his work in anthropology with innovative approaches to performance of all kinds including ritual, drama, environmental theater, political rallies, dance, music, etc. in order to consider how performance can be understood not just as an object of study, but also as an active intellectual-artistic practice. He is the editor of 'TDR: The Journal of Performance Studies.' His books include 'Environmental Theater,' 'The Future of Ritual,' 'Performance Theory,' 'Between Theater and Anthropology' and 'Performance Studies: An Introduction.' As of 2007, his books have been translated into 14 languages.
=540  \\$aThere are copyright restrictions on this collection. For more information, go to the online version of this video.
=600  10$aChekhov, Anton Pavlovich,$d1860-1904.$tTri sestry$vAdaptations.
=650  \0$aTheater$zRussia.
=650  \0$aSisters$zRussia$vDrama.
=650  \0$aMan-woman relationships$vDrama.
=651  \0$aRussia$xSocial conditions$vDrama.
=655  \7$aPerformance.$2nyu-hidvl
=655  \7$aTheater.$2nyu-hidvl
=655  \7$aExperimental theater$2nyu-hidvl
=700  1\$aSchechner, Richard,$d1934-$4pro$4drt
=700  1\$aChekhov, Anton Pavlovich,$d1860-1904.$tTri sestry.
=700  1\$aMinnick, Michele.$4trl
=700  1\$aDenzer, Ralph.$4mus$4drt
=700  1\$aOrtese, Rebecca.$4mus$4drt
=710  2\$aEast Coast Artists.$4pro
=710  2\$aHemispheric Institute Digital Video Library.
=830  \0$aRichard Schechner's Productions collection
=856  40$uhttp://hdl.handle.net/2333.1/r4xgxdb9
=853  00$81$apt.
=863  50$81.1$a1$p31142047316263
=863  50$81.2$a2$p31142047316271
=863  50$81.3$a3$p31142047316289

