=LDR  05164cgm a22007335a 4500
=001  000514281
=003  NNU
=004  NYUb13502999
=005  20140421143923.0
=006  m\\\\\\\\z\\\\\\\\
=007  vd\cvaizu
=007  vf\ciahou
=007  cr\cna
=007  \\vd
=007  cr\|||||||||||
=008  070607s1997\\\\cu\106\\\\\\\\\\\\vlspa\d
=024  7\$aHI2007_031_A_01$2nyu-hidvl
=024  7\$aHI2007_031_B_01$2nyu-hidvl
=024  7\$aHI2007.031_01_A$2nyu-hidvl
=040  \\$aNNU$cNNU$eamim
=043  \\$anwcu---$acl-----
=245  00$aOtra tempestad$h[videorecording].
=246  31$aAnother tempest
=260  \\$c1997.
=300  \\$3master.$a2 videocassettes of 2 (Digital Betacam) (106 min.) :$bsd., col. ;$c1/2 in.
=300  \\$3viewing copy.$a2 videodiscs of 2 (DVD) (106 min. : pt.A, 78 min. ; pt.B, 28 min.) :$bsd., col. ;$c4 3/4 in.
=490  1\$aTeatro Buendía collection
=530  \\$aAlso available online as streaming video.
=546  \\$aIn Spanish.
=500  \\$aTitle supplied by Hemispheric Institute.
=500  \\$aPart of the Hemispheric Institute Digital Video Library.
=534  \\$pMedia source original:$e1 videocassette of 1 (VHS) : sd., col. ; 1/2 in. SP.$mT-120.
=518  \\$aPerformed in La Habana, Cuba, in 1997.
=508  \\$aTeatro Buendía, producer ; Alina Socorro, producer ; Flora Lauten, director ; Raquel Carrió, Flora Lauten, writers ; Fanny Rojas, assistant director ; Eduardo Arrocha, set & costume design ; Carlos Repilado, lighting design ; Ireno García, music consultant ; Rodolfo Alcalá, Manuela Alonso, choreography ; Alberto Velázquez, masks ; Aurora Delgado, Noelia Pérez, Taller del Ministerio de Cultura, costumes ; Adela Prado, makeup ; Carlos Fernández, sound ; Varilla / Sandrino, set ; Manolo Garriga, lighting ; Félix Antequera, photographer ; Lourdes Navarro, administrator.
=511  1\$aJosé Antonio Alonso, Félix Antequera, Oreste Pérez, Ivanesa Cabrera, Juan José Rodríguez, Ileana Wilson, Giselle Navaroli, Carlos Cruz, Sandra Lorenzo, Pablo Guevara, Dania Aguerreberez, Antonia Fernández, Jomary Hechavarría (musician), José del Pilar Suárez (musician), Agustín Gómez (musician), Alfredo Hernández (musician), Leandro More (musician), Juan Larrinaga (musician).
=520  \\$aAdaptation written by Raquel Carrió and Flora Lauten, based on texts by Shakespeare, Carpentier, Paz, Martí, and Caribbean folktales, rituals and songs from Yoruban and Araran cultures. An exploration of the conflicting and syncretic coordinates of "cubanidad", Otra Tempestad tells the story of the labyrinthical encounters (dreamt or imagined) between well-known Shakespearean characters and key figures of Afro-Caribbean mythology. Fifteen "cuadros", constantly cycling from death to utopia to death, examine archetypal behavior, investigating the space where worlds collide, the confluence of old and new world orders. Teatro Buendía, formed in 1986 by graduates from the Higher Institute of Arts, Havana, and directed by Flora Lauten, is Cuba's most celebrated theater company. Since its foundation, they have developed two parallel lines of work: the production of theater spectacles, and a permanent research center investigating Latin American and Caribbean cultural traditions, the expressive possibilities of the actor, and the renewal of scenic languages. The study of the possible relations between music, dance, and interpretation, as well as the formulation of new forms of scenic writing and dramaturgy of the spectacle, has consolidated Teatro Buendía's international prestige as a company that has presented their repertoire in the most demanding festivals and venues of Latin America, Europe, North America, Asia, Africa and Australia, all to critical acclaim. They also tour internationally giving workshops, seminars and conferences on their cultural investigations and creative methods.
=540  \\$aThere are copyright restrictions on this collection. For more information, go to the online version of this video.
=600  10$aShakespeare, William,$d1564-1616$xCharacters$vDrama.
=600  10$aShakespeare, William,$d1564-1616.$tTempest.
=650  \0$aPerforming arts$zCuba.
=650  \0$aTheater$zCuba.
=653  \\$aSyncretism$aCuba
=655  \7$aPerformance.$2nyu-hidvl
=655  \7$aTheater.$2nyu-hidvl
=655  \7$aCuban theater.$2nyu-hidvl
=655  \7$aPerformances (entertainment events).$2aat
=655  \7$aPerformance art.$2aat
=655  \7$aTheater (discipline).$2aat
=700  1\$aSocorro, Alina.$4pro
=700  1\$aLauten, Flora.$4drt$4adp
=700  1\$aCarrió Ibietatorremendía, Raquel.$4adp
=710  2\$aTeatro Buendía.$4pro
=710  2\$aHemispheric Institute Digital Video Library.
=830  \0$aTeatro Buendía collection.
=853  00$81$apt.
=863  50$81.1$aA$p31142045845552
=863  50$81.2$aB$p31142045845560
=856  40$uhttp://hdl.handle.net/2333.1/gqnk991w
=954  \\$81$aVolumes

