=LDR  04766cgm a2200685 a 4500
=001  000539707
=003  NNU
=004  NYUb13530822
=005  20090409123058.0
=006  m\\\\\\\\z\\\\\\\\
=007  vd\cvaizu
=007  vf\ciahou
=007  cr\cna
=007  cr\|||||||||||
=008  070830s1997\\\\cau084\\\\\\\\\\\\vleng\d
=024  7\$aHI2007_081_01$2nyu-hidvl
=024  7\$aHI2007_082_01$2nyu-hidvl
=024  7\$aHI2007.081_01$2nyu-hidvl
=035  \\$a(NYU)NYUb13530822
=040  \\$aNNU$cNNU$eamim
=245  04$aThe cenci$h[videorecording]
=260  \\$c1997.
=300  \\$a2 videocassettes of 2 (Digital Betacam) (84 min.) :$bsd., col. ;$c1/2 in.$3master.
=300  \\$a2 videodiscs of 2 (DVD) (84 min. : pt.1, 49 min. ; pt.2, 35 min.) :$bsd., col. ;$c4 3/4 in.$3viewing copy.
=490  1\$aEl Teatro Campesino collection
=530  \\$aAlso available online as streaming video.
=500  \\$aTitle supplied by Hemispheric Institute.
=500  \\$aPart of the Hemispheric Institute Digital Video Library.
=534  \\$pMedia source original:$e2 videocassettes of 2 (Mini DV) : sd., col. ; 1/4 in. SP.$mPanasonic DVM60 ME.
=518  \\$aPerformed in San Juan Bautista, California, in 1997.
=508  \\$aEl Teatro Campesino, producer ; Anahuac Valdez, producer ; Kinan Valdez, director ; Percy Bysshe Shelley, writer ; Richard Watson Taylor, translation ; Kevin McBride, assistant director, stage manager.
=511  1\$aAnahuac Valdez, Adela G. Ruiz, Leslie Breton, Lakin Valdez, Drew Saenz-Hudson, Seth Millwood, Berta Desiderio, Omar Gonzalez, Annabelle Espinosa, Jeremiah Martinez, Marco Perez, Sonora Vasquez, Jessica Wynn, Mauricio Leon.
=520  \\$aFounded in 1965 by Luis Valdez, El Teatro Campesino was initially the cultural wing of the United Farm Workers union in California's central valley. With a pointed political mission, ETC performed their actos in the fields, agitprop improvisations communicated eloquently with the workers, who could neither read nor write, but recognized themselves and their values in the actos. By 1970 ETC had gained an international reputation, with major contributions to Chicano culture in the U.S. and to the development and expansion of the boundaries of theater everywhere. Theirs is a popular theater rooted in the American streets, early California history, Mayan/Aztec mythology and Mexican folklore and spiritualism, all geared toward expression of social, political and cultural perceptions. This video documents ETCs piece The Cenci. After studying the theory of French theater practitioner Antonin Artaud and his conceptualization of Theater of Cruelty (which emphasized the importance of gesture and the physical as its own expressive language and also challenged concepts of reality vs. perception), Kinan Valdez adapted Percy Bysshe Shelleys play The Cenci (1819), which Artaud staged. In this controversial play, inspired by a real Italian family (the Cencis, in particular, Beatrice Cenci), the Cenci family conspires to assassinate the father figure in an attempt to stop his reign of terror, torture, rape and incest. The father unveils the conspiracy, with tragic, fatal consequences. It is a very dark piece that applies the Teatro Campesino aesthetic to Shelleys script, adding a highly physicalized visual score to a text-heavy piece, which also mirrors Artauds physically-based theatrical style. According to director Kinan Valdez, the play was not well-received by the ETC audiences because of its controversial themes.
=540  \\$aThere are copyright restrictions on this collection. For more information, go to the online version of this video.
=600  10$aShelley, Percy Bysshe,$d1792-1822.$tCenci.
=600  10$aCenci, Beatrice,$d1577-1599$vDrama.
=600  10$aCenci, Francesco,$d1549-1598$vDrama.
=653  \\$aTheater of cruelty
=653  \\$aChicano theater
=655  \7$aTragedies.$2aat
=655  \7$aPerformances (entertainment events).$2aat
=655  \7$aPerformance art.$2aat
=655  \7$aTheater (discipline).$2aat
=700  1\$aValdez, Anahuac.$4pro
=700  1\$aValdez, Kinana.$4drt
=700  1\$aTaylor, Richard Watson.$4trl
=700  1\$aShelley, Percy Bysshe,$d1792-1822.$tCenci.
=700  1\$aArtaud, Antonin,$d1896-1948.
=710  2\$aTeatro Campesino (Organization)
=710  2\$aHemispheric Institute Digital Video Library.
=830  \3$aEl Teatro Campesino collection.
=856  40$uhttp://hdl.handle.net/2333.1/51c5b04r
=853  00$81$apt.
=863  50$81.1$a1$p31142045977264
=863  50$81.2$a2$p31142045977272
=954  \\$81$aVolumes

