=LDR  04158ngm a2200613 a 4500
=001  003679187
=004  003679187
=005  20121106095228.0
=006  m\\\\\\\\c\\\\\\\\
=007  vd\cvaiz|
=007  cr\cna|||m|||a
=007  cr\|||||||||||
=007  vd\cvaiz|
=008  121105e199711uupr\095\\\\\\\\\\\\vlspa\d
=024  7\$aHI2010_073_01$2nyu-hidvl
=024  7\$aHI2010_074_01$2nyu-hidvl
=024  7\$aHI2010.073_01$2nyu-hidvl
=024  7\$aHI2010.074_01$2nyu-hidvl
=040  \\$aNNU$beng$cNNU
=041  0\$aspa$aeng
=043  \\$anwpr---
=245  00$aRiversa$h[videorecording] /$cViveca Vázquez, creator.
=260  \\$c1997 Nov.
=300  \\$3viewing copy.$a2 videodiscs of 2 (DVD) (94 min., 36 sec.: pt.1, 55 min., 24 sec.; pt.2, 39 min., 12 sec.) :$bsd., col. ;$c4 3/4 in.
=490  1\$aViveca Vázquez collection
=546  \\$aIncludes Spanish and English.
=500  \\$aTitle supplied by Hemispheric Institute.
=500  \\$aPart of the Hemispheric Institute Digital Video Library.
=518  \\$aPerformed at the Teatro Julia de Burgos Universidad de Puerto Rico, in November 1997.
=508  \\$aViveca Vázquez, choreographer.
=511  0\$aTaller de Otra Cosa, performer.
=520  \\$aVideo documentation of Puerto Rican experimental dance performance ‘Riversa,’ choreographed by Viveca Vázquea, a choreographer, dancer, and a professor of humanities and contemporary dance for actors at the University of Puerto Rico. She presented her first work with Pisotón, the first experimental dance group of Puerto Rico and, shortly after, Taller de Otra Cosa, of which she became the first director. Through the company she presented her choreographic work and produced events such as ‘Rompeforma’ a key festival in the development of the experimental dance and performance scene in Puerto Rico, which was co-produced with Puerto Rican choreographer based in the U.S. Merian Soto. Since 1984 she has produced and performed experimental dance works in the United States, Mexico, Venezuela and Argentina, among a great number of other places. As a teacher she has developed a pedagogical model based on body conscience and improvisation. ‘Riversa’ intends to delineate Viveca Vázquez’ own style, and to show her origins in exploring the absurdity of the movements and proposing dance as a way of thinking. On stage, the individual body and the collective body are in dialogue and conflict at the same time, as their movements oscillate between flow and struggling, sound and silence, immobility and movement. The questions proposed are: what is a body? How to make the body ‘fit’ into pre-notions of shape, movement, and even ‘choreography’? In exploring these questions Viveca Vázquez has developed what she calls ‘Choreography of the Error’ -- based on quotidian movements and diverse bodies, Vázquez challenges the audience’s expectations of what should be performed on stage. At the same time, she problematizes what is conceived as a ‘Puerto Rican body’: is this pure physicality or it is a political construction?
=530  \\$aAlso available online as streaming video.
=534  \\$pMedia source original:$e2 videocassettes of 2 (Mini DV) : sd., col. ; 1/4 in. SP.$mPanasonic DVM60.
=540  \\$aThere are copyright restrictions on this collection. For more information, go to the online version of this video.
=650  \0$aCollective memory$zPuerto Rico.
=650  \0$aExperimental dance.
=650  \0$aDance$xSocial aspects.
=650  \0$aDance criticism.
=650  \0$aIdentity politics$zPuerto Rico.
=655  \7$aPerformance.$2nyu-hidvl
=655  \7$aDance.$2nyu-hidvl
=655  \7$aContemporary dance.$2nyu-hidvl
=655  \7$aExperimental dance.$2nyu-hidvl
=700  1\$aVázquez, Viveca.$4cre$4chr
=710  2\$aTaller de Otra Cosa Inc.$4prf
=710  2\$aHemispheric Institute Digital Video Library.
=830  \0$aViveca Vázquez collection.
=856  40$uhttp://hdl.handle.net/2333.1/wwpzgpbk
=853  00$81$adisc
=863  \\$81.1$a1
=863  \\$81.2$a2

