=LDR  03733cgm  22006735a 4500
=001  000509307
=003  NNU
=004  NYUb13497506
=005  20080225180001.0
=006  m\\\\\\\\z\\\\\\\\
=007  vd\cvaizu
=007  vf\ciahou
=007  cr\cna
=007  cr\|||||||||||
=008  070516s1997\\\\mx\055\\\\\\\\\\\\vlspa\d
=024  7\$aHI2006_096_01$2nyu-hidvl
=024  7\$aHI2006.096_01$2nyu-hidvl
=040  \\$aNNU$cNNU$eamim
=041  0\$aspa
=043  \\$an-mx---
=245  00$aConchita desconchada$h[videorecording].
=260  \\$c1997.
=300  \\$a1 videocassette of 1 (Digital Betacam) (55 min.) :$bsd., col. ;$c1/2 in.$3master.
=300  \\$a1 videodisc of 1 (DVD) (55 min.) :$bsd., col. ;$c4 3/4 in.$3viewing copy.
=490  1\$aFOMMA video collection
=530  \\$aAlso available online as streaming video.
=546  \\$aIn Spanish.
=500  \\$aTitle supplied by Hemispheric Institute.
=500  \\$aPart of the Hemispheric Institute Digital Video Library.
=534  \\$pMedia source original:$e1 videocassette of 1 (VHS) : sd., col. ; 1/2 in. SP.$mSony.
=518  \\$aPerformed at Casa Na Balom, San Cristóbal de las Casas, Chiapas, Mexico, in 1997.
=508  \\$aFortaleza de la Mujer Maya (FOMMA), producer, writer.
=511  1\$aPetrona de la Cruz Cruz, Isabel Juárez Espinosa, María Francisca Oseguera Cruz, Juana López Mendes, María Pérez Sántiz, Faustina López Díaz.
=520  \\$aFOMMA - Fortaleza de la Mujer Maya - is a collective of Mayan women who use theater as a tool for education and community building. They are performers, playwrights, and teachers who tour their work in their communities and internationally, performing plays that focus on women's and indigenous rights, literacy, cultural survival, ecology, health, and education in the Tzeltal and Tzotzil indigenous languages. 'Conchita desconchada' tells the story of Conchita, an elderly woman in search of a home. The word- play in the title references the lack of shelter that the protagonist, Conchita, suffers after she is thrown out of the house that she shares with her daughter and her husband (in Spanish the word 'concha' means 'shell' and the prefix 'des' means 'deprived.') The piece narrates Conchita's pilgrimage from a small town to the city, to which she arrives in search of her son, who rejects her. She then meets a woman who offers her a job as a caretaker of her father. Finally, it is Conchita's granddaughter who takes care of her and brings her back to Conchita's son's house as she is thrilled to learn about her roots and to re-connect with her community.
=540  \\$aThere are copyright restrictions on this collection. For more information, go to the online version of this video.
=650  \0$aTheater$zMexico.
=650  \0$aIndigenous peoples.
=650  \0$aMigration, Internal.
=650  \0$aFamilies.
=650  \0$aKinship.
=650  \0$aIndigenous women.
=650  \0$aIndigenous women$xSocial conditions.
=653  \\$aHeritage
=653  \\$aIndigenous theater
=655  \7$aPerformance.$2nyu-hidvl
=655  \7$aTheater.$2nyu-hidvl
=655  \7$aCommunity theater.$2nyu-hidvl
=655  \7$aIndigenous theater.$2nyu-hidvl
=655  \7$aNative women's theater.$2nyu-hidvl
=655  \7$aMexican theater.$2nyu-hidvl
=710  2\$aFortaleza de la Mujer Maya (Organization)$4pro$4aut
=710  2\$aHemispheric Institute Digital Video Library.
=830  \0$aFOMMA video collection.
=856  40$uhttp://hdl.handle.net/2333.1/wdbrv1gp

