=LDR  03584cgm  22007095a 4500
=001  000509370
=003  NNU
=004  NYUb13497578
=005  20080225183719.0
=006  m\\\\\\\\z\\\\\\\\
=007  vd\cvaizu
=007  vf\ciahou
=007  cr\cna
=007  cr\|||||||||||
=008  070516e199706uumx\033\\\\\\\\\\\\vlspa\d
=024  7\$aHI2006_099_01$2nyu-hidvl
=024  7\$aHI2006.099_01$2nyu-hidvl
=040  \\$aNNU$cNNU$eamim
=043  \\$an-mx---
=079  \\$a(OCoLC)475457168
=245  00$aIdeas para el cambio$h[videorecording].
=260  \\$c1997 June.
=300  \\$a1 videocassette of 1 (Digital Betacam) (33 min.) :$bsd., col. ;$c1/2 in.$3master.
=300  \\$a1 videodisc of 1 (DVD) (33 min.) :$bsd., col. ;$c4 3/4 in.$3viewing copy.
=490  1\$aFOMMA video collection
=530  \\$aAlso available online as streaming video.
=546  \\$aIn Spanish.
=500  \\$aTitle supplied by Hemispheric Institute.
=500  \\$aPart of the Hemispheric Institute Digital Video Library.
=534  \\$pMedia source original:$e1 videocassette of 1 (VHS) : sd., col. ; 1/2 in. SP.$mSony.
=518  \\$aPerformed at Casa FOMMA, San Cristóbal de las Casas, Chiapas, Mexico, in June 1997.
=508  \\$aFortaleza de la Mujer Maya (FOMMA), producer, writer.
=511  1\$aIsabel Juárez Espinosa, Petrona de la Cruz Cruz, Juana López Mendes, María Francisca Oseguera Cruz, María Pérez Sántiz, Faustina López Díaz, Reina Ruiz Navarro.
=520  \\$aFOMMA - Fortaleza de la Mujer Maya - is a collective of Mayan women who use theater as a tool for education and community building. They are performers, playwrights, and teachers who tour their work in their communities and internationally, performing plays that focus on women's and indigenous rights, literacy, cultural survival, ecology, health, and education in the Tzeltal and Tzotzil indigenous languages. 'Ideas para el cambio' tells the story of women's exploitation and abuse in the workplace and at home. Confronted with the situation of violence with the landowners for whom they work, a group of women take the advice of an elderly woman who invites them to rebel by playing a trick on the landowners. She then instructs them about the importance of getting organized and the existence of FOMMA, a place where they can be empowered by their equals.
=540  \\$aThere are copyright restrictions on this collection. For more information, go to the online version of this video.
=650  \0$aTheater$zMexico.
=650  \0$aIndigenous peoples.
=650  \0$aIndigenous women.
=650  \0$aIndigenous women$xSocial conditions.
=650  \0$aWorking class women.
=650  \0$aWomen's rights.
=650  \0$aCivil rights.
=650  \0$aExploitation.
=650  \0$aCommunity centers.
=653  \\$aCommunity organizing
=653  \\$aWomen's labor
=653  \\$aIndigenous theater
=655  \7$aPerformance.$2nyu-hidvl
=655  \7$aTheater.$2nyu-hidvl
=655  \7$aCommunity theater.$2nyu-hidvl
=655  \7$aIndigenous theater.$2nyu-hidvl
=655  \7$aNative women's theater.$2nyu-hidvl
=655  \7$aMexican theater.$2nyu-hidvl
=710  2\$aFortaleza de la Mujer Maya (Organization)$4pro$4aut
=710  2\$aHemispheric Institute Digital Video Library.
=830  \0$aFOMMA video collection.
=856  40$uhttp://hdl.handle.net/2333.1/w3r229sd

