=LDR  03091cgm a2200481 a 4500
=001  003907335
=005  20140421180254.0
=006  m\\\\\\\\c\\\\\\\\
=007  cr\cna|||m|||a
=007  cr\|||||||||||
=008  131205e199706uumx\021\\\\\\\\s\\\vlspa\d
=024  7\$aHI2006_099_02$2nyu-hidvl
=040  \\$aNNU$beng$cNNU
=041  0\$aspa
=245  00$aEl mundo al revés$h[videorecording] /$cFOMMA, producer, writer.
=260  \\$c1997 June.
=300  \\$3viewing copy.$astreaming video (21 min.) :$bsd., col.
=490  1\$aFOMMA video collection
=546  \\$aIn Spanish.
=500  \\$aTitle supplied by Hemispheric Institute.
=500  \\$aPart of the Hemispheric Institute Digital Video Library.
=518  \\$aPerformed at Casa FOMMA in San Cristóbal de las Casas, Chiapas, Mexico, in June 1997.
=511  1\$aIsabel Juárez Espinosa, Petrona de la Cruz Cruz, Juana López Mendes, María Francisca Oseguera Cruz, Lucía Pérez Sántiz, María Pérez Sántiz, Lucía López Gómez, Berta Bautista Vázquez, Emanuel Ruiz, Faustina López Díaz, Reina Ruiz Navarro, Margarita López de la Cruz, Children of San Cristóbal de las Casas, performers.
=520  \\$aFOMMA - Fortaleza de la Mujer Maya - is a collective of Mayan women who use theater as a tool for education and community building. They are performers, playwrights, and teachers who tour their work in their communities and internationally, performing plays that focus on women's and indigenous rights, literacy, cultural survival, ecology, health, and education in the Tzeltal and Tzotzil indigenous languages.
=520  \\$a'El mundo al revés' is a children's play that includes live percussion, singing, and masks. In this allegoric play, the moon gives birth to a group of children whose well-intentioned actions make the world an ideal place to live in. The moon also gives birth to the devil who curses the world and changes everything for the worse. Because people get organized and help each other, they finally defeat the devil and his dragon. The aftermath of the devil's death is a beautiful day in which a series of rights are honored and enjoyed - land, health, education, work, housing, etc.
=534  \\$pMedia source original:$e1 videocassette of 1 (VHS) : sd., col. ; 1/2 in. SP.$mSony
=540  \\$aThere are copyright restrictions on this collection. For more information, go to the online version of this video.
=650  \0$aSocial justice.
=650  \0$aUtopias.
=650  \0$aCivil rights.
=650  \0$aCommunity centers.
=653  \\$aCommunity organizing
=655  \7$aPerformance.$2nyu-hidvl
=655  \7$aTheater.$2nyu-hidvl
=655  \7$aCommunity theater.$2nyu-hidvl
=655  \7$aIndigenous theater.$2nyu-hidvl
=655  \7$aNative women's theater.$2nyu-hidvl
=655  \7$aMexican theater.$2nyu-hidvl
=710  2\$aFortaleza de la Mujer Maya (Organization)$4pro$4aut
=710  2\$aHemispheric Institute Digital Video Library.
=830  \0$aFOMMA video collection.
=856  40$uhttp://hdl.handle.net/2333.1/4b8gtkhv

