=LDR  04759cgm a2200517 a 4500
=001  003961746
=005  20140421225052.0
=006  m\\\\\\\\c\\\\\\\\
=007  cr\cna|||m|||a
=007  cr\|||||||||||
=008  140307e19980206mau088\\\\\\\\s\\\vleng\d
=024  7\$aHI2013_006_01$2nyu-hidvl
=040  \\$aNNU$beng$cNNU
=041  0\$aeng$aspa
=245  00$aQuinceañera$h[videorecording] /$cAlberto Antonio Araiza, Paul Bonin-Rodriguez, Michael Marínez, creators ; Joe Salvatore, director ; New WORLD Theater, producer.
=260  \\$c1998 Feb. 6.
=300  \\$3viewing copy.$astreaming video (87 min., 34 sec.) :$bsd., col.
=490  1\$aNew WORLD Theater collection
=546  \\$aIncludes English and Spanish.
=500  \\$aTitle supplied by Hemispheric Institute.
=500  \\$aPart of the Hemispheric Institute Digital Video Library.
=518  \\$aPerformed at the University of Massachusetts in Amherst, Massachusetts, on February 6, 1998.
=508  \\$aA. Montali, videographer.
=511  1\$aAlberto Antonio Araiza, Paul Bonin-Rodriguez, Michael Marínez, performers.
=520  \\$aFrom 1979-2009, the New WORLD Theater worked at the intersection of artistic practice, community engagement, scholarship, and activism toward a vision of a 'new world' - one that broke the confines of multiculturalism and was an artistic harbinger of America's shifting demographics. From a geographic 'outpost' in New England, New WORLD Theater evolved from a community organizing project and the Northeast point on a theater touring compass, to a protective studio to hone new work, a site of international intersections from South Africa to the South Bronx, and the home of inspired and rigorous collaborations with Western Massachusetts youth. New performance work development at New WORLD defied the conventional theater play lab as ghetto for artists of color; artists were met where they wanted to be in the imagining of new approaches, methods, and production.
=520  \\$a'Quinceañera' is a video documentation of a performance created collaboratively to address the 15th anniversary of the AIDS pandemic. As a collaborative creation, these stories can be read not only like personal stories, but also as the stories of a community. Alberto Antonio Araiza, Paul Bonin-Rodriguez, and Michael Marínez worked together in community-based activism, and create a multi-disciplinary performance piece that involves storytelling, ritual, performance and visual arts. For this reason, 'Quinceañera' transits between the cheerfulness of a creative process and the engagement with a topic that is full of fear and sorrow. The ghost of AIDS permeates relations between persons and their own traditions, stories, and histories. Particularly, the social ritual of the 'quinceañera'- the debutante party reserved for young girls in Spanish-speaking communities - becomes a space of contesting gender and sexuality roles. At the same time that the piece reveals how rituals are gendered, it also highlights how affective responses to pop culture can be understood as newer familiar traditions. The role of Spanish language, unapologetically spoken in the piece, underlines the fact that gender, ethnicity, and race are intertwined in social marginalization. Along with an honest and strong affirmation of race and sexuality, the virus that marks the body signals identity and belonging. The three male characters explain how AIDS affected gay population, and the discrimination that comes with the epidemic. The group of men breaks into songs advocating for justice for all people infected with AIDS, and the entire queer community. The video documentation also features a talk back with the performers and the audience members.
=534  \\$pMedia source original:$e1 videocassette of 1 (VHS) : sd., col. ; 1/2 in. SP.$mT-120 (no brand name)
=540  \\$aThere are copyright restrictions on this collection. For more information, go to the online version of this video.
=650  \0$aGender identity.
=650  \0$aQuinceañera (Social custom)
=650  \0$aAIDS (Disease)$xPolitical aspects.
=650  \0$aAIDS (Disease) and the arts.
=655  \7$aPerformance.$2nyu-hidvl
=655  \7$aTheater.$2nyu-hidvl
=655  \7$aStorytelling.$2nyu-hidvl
=655  \7$aVisual arts.$2nyu-hidvl
=655  \7$aRitual.$2nyu-hidvl
=700  1\$aAraiza, Alberto Antonio.$4cre$4prf
=700  1\$aBonin-Rodriguez, Paul.$4cre$4prf
=700  1\$aMarinez, Michael.$4cre$4prf
=700  1\$aSalvatore, Joe.$4drt
=710  2\$aNew WORLD Theater.$4pro
=710  2\$aHemispheric Institute Digital Video Library.
=830  \0$aNew WORLD Theater collection.
=856  40$uhttp://hdl.handle.net/2333.1/bvq83d9h

