=LDR  05059cgm a2200649 a 4500
=001  000029121
=003  NNU
=004  000029121
=005  20100208132227.0
=006  m\\\\\\\\z\\\\\\\\
=007  vd\cvaizu
=007  vf\ciahou
=007  cr\cna|||||||a
=007  cr\|||||||||||
=007  vd\cvaizu
=008  080418s1998\\\\ag\050\\\\\\\\\\\\vlspa\d
=024  7\$aHI2007_221_01$2nyu-hidvl
=040  \\$aNNU$cNNU$eamim
=041  0\$aspa
=043  \\$as-ag---
=079  \\$a(OCoLC)851658320
=245  03$aLa Catalina del riachuelo (1998)$h[videorecording].
=260  \\$c1998.
=300  \\$3viewing copy.$a1 videodisc of 1 (DVD) (50 min.) :$bsd., col. ;$c4 3/4 in.
=300  \\$3master.$a1 videocassette of 1 (Digital Betacam) (50 min.) :$bsd., col. ;$c1/2 in.
=490  1\$aGrupo de Teatro Catalinas Sur collection
=530  \\$aAlso available online as streaming video.
=546  \\$aIn Spanish.
=500  \\$aTitle supplied by Hemispheric Institute.
=500  \\$aPart of the Hemispheric Institute Digital Video Library.
=534  \\$pMedia source original:$e1 videocassette of 1 (Mini DV) : sd., col. ; 1/4 in. SP.$mSony DVM60.
=518  \\$aPerformed at Galpón de Catalinas, La Boca, Buenos Aires, Argentina, in 1998.
=508  \\$aGrupo de Teatro Catalinas Sur, producer, collective creation ; Adhemar Bianchi, director ; Omar Gasparini, set design ; Alfredo Iriarte, choreography.
=511  1\$aGrupo de Teatro Catalinas Sur.
=520  \\$a1998 version of the by now traditional murga 'La Catalina del Riachuelo,' performed by the community theater group Catalinas Sur of the La Boca neighborhood in Buenos Aires, Argentina. Staged since 1992 and adapted to each year's sociopolitical climate, the piece poses a carnivalesque critique of current local political events and social issues. La Catalina del Riachuelo's songs, storytelling and humorous skits compose a satirical commentary on politics and politicians, power and the powerful, and events of national (and international) repercussion. Political corruption, police brutality, environmental pollution, and unemployment are some of the topics discussed in the piece, presented as the downside of globalization and 'Progress.' Historically, carnival - and the local tradition of the Rioplatense 'murga' - has been a space for the transgression and critique of the rules of the leading classes by the popular imaginary. 'La Catalina del Riachuelo' is conceived as a tribute to this Argentinean popular tradition. It is both a critique of society's political maladies and a celebration of hope, love and the honoring of cultural heritage as social antidotes to these problems, as cohesive forces giving a sense of community to the inhabitants of La Boca. The idea of Grupo de Teatro Catalinas Sur (www.catalinasur.com.ar) came to life during a neighborhood barbeque held by a school's parents association in 1983. It was during the time of Argentina's military dictatorship, which stifled popular expression, and the theater group used its community service as a form of resistance that strengthened feelings of solidarity and mutual binding. The group remains rooted in its Buenos Aires neighborhood, even as its membership and fame has grown, performing in a converted warehouse. Catalinas Sur members are acknowledged followers of the traditional artistic forms performed in the quarter which has been the birthplace of the popular arts: puppeteers, musicians, actors, artists originating from the old continent or from Latin America and who mingled their art, like a crucible, with the neighborhood. Firm believers that society can be changed by teamwork and a sense of community, Catalinas Sur has created more than 20 plays and, sweeping aside all false generation gaps, has now over 300 actors. In their own words, 'with the advent of this globalized and inhumane millennium, we are attempting, through the theater, to remember the value of our individual and collective histories, and revive the memory that believed and believes in a better world.'
=540  \\$aThere are copyright restrictions on this collection. For more information, go to the online version of this video.
=650  \0$aCommunity theater.
=650  \0$aTheater$zArgentina.
=651  \0$aBoca (Buenos Aires, Argentina)
=653  \\$aMurga
=655  \7$aPerformance.$2nyu-hidvl
=655  \7$aTheater.$2nyu-hidvl
=655  \7$aArgentinean theater.$2nyu-hidvl
=655  \7$aCommunity theater.$2nyu-hidvl
=655  \7$aMurga.$2nyu-hidvl
=655  \7$aCollective creation.$2nyu-hidvl
=700  1\$aBianchi, Adhemar.$4drt
=700  1\$aGasparini, Omar.$4std
=700  1\$aIriarte, Alfredo.$4chr
=710  2\$aGrupo de Teatro Catalinas Sur.$4pro$4cre$4prf
=710  2\$aHemispheric Institute Digital Video Library.
=830  \0$aGrupo de Teatro Catalinas Sur collection
=856  40$uhttp://hdl.handle.net/2333.1/p2ngf26t

