=LDR  03330cgm a22006975a 4500
=001  000509596
=003  NNU
=004  NYUb13497822
=005  20080229172952.0
=006  m\\\\\\\\z\\\\\\\\
=007  vd\cvaizu
=007  vf\ciahou
=007  cr\cna
=007  cr\|||||||||||
=008  070517s1998\\\\xxu012\\\\\\\\\\\\vleng\d
=024  7\$aHI2006_105_04$2nyu-hidvl
=024  7\$aHI2006.105_04$2nyu-hidvl
=040  \\$aNNU$cNNU$eamim
=043  \\$an-us---$an-mx---
=245  04$aThe chain south$h[videorecording].
=260  \\$c1998.
=300  \\$3master.$a1 videocassette of 1 (Digital Betacam) 12 min.) :$bsd., col. ;$c1/2 in.
=300  \\$3viewing copy.$a1 videodisc of 1 (DVD) (12 min.) :$bsd., col. ;$c4 3/4 in.
=490  1\$aNao Bustamante video collection
=530  \\$aAlso available online as streaming video.
=500  \\$aHI2006.105_04 contained on disc HI2006.105_01.
=500  \\$aTitle supplied by Hemispheric Institute.
=500  \\$aPart of the Hemispheric Institute Digital Video Library.
=534  \\$pMedia source original:$e1 videocassette of 1 (Mini DV) : sd., col. ; 1/4 in. SP.$mSony.
=518  \\$aTakes place in the US-Mexico border region and San Francisco, CA, in 1998.
=508  \\$aNao Bustamante, producer ; Migel Calderon, director.
=511  1\$aNao Bustamante.
=520  \\$aNao Bustamante (www.naobustamante.com) is an internationally known performance artist born in California. Her work encompasses performance art, installation, video, pop music and experimental rips in time. She has performed in galleries, museums, universities and underground sites throughout Asia, Africa, Europe, New Zealand, Australia, Canada, Mexico and the United States. She is currently teaching New Media and Live Art at Rensselaer Polytechnic Institute, New York. 'The Chain South' is a satire on the corporate and popcultural relations between Mexico and the U.S. In this short film, Nao played the vagabond Ronaldo McDonaldo. Nao and the director, Miguel Calderon, traveled south from San Francisco across the Mexican border, stopping along the way at McDonald's.
=540  \\$aThere are copyright restrictions on this collection. For more information, go to the online version of this video.
=650  \0$aParody in art.
=650  \0$aConsumption (Economics)
=650  \0$aGlobalization.
=650  \0$aCorporate culture.
=650  \0$aHispanic American artists.
=651  \0$aMexican-American Border Region.
=651  \0$aUnited States$xRelations$zMexico.
=651  \0$aMexico$xRelations$zUnited States.
=653  \\$aMcDonald's
=653  \\$aConsumerism
=653  \\$aUS-Mexico relations
=653  \\$aPerformance art
=653  \\$aLatino artists
=655  \7$aVideo performance.$2nyu-hidvl
=655  \7$aPerformance art.$2nyu-hidvl
=655  \7$aParody.$2nyu-hidvl
=655  \7$aPolitical performance.$2nyu-hidvl
=700  1\$aBustamante, Nao.$4pro$4prf
=700  1\$aCalderon, Migel.$4drt
=710  2\$aHemispheric Institute Digital Video Library.
=830  \0$aNao Bustamante video collection.
=856  40$uhttp://hdl.handle.net/2333.1/z612jmj3

