=LDR  03830cgm  22006375a 4500
=001  000506852
=003  NNU
=004  NYUb13494845
=005  20080214141023.0
=006  m\\\\\\\\z\\\\\\\\
=007  vd\cvaizu
=007  vf\ciahou
=007  cr\cna
=007  cr\|||||||||||
=008  070508e199810uunyu060\\\\\\\\\\\\vleng\d
=024  7\$aHI2006_067_01$2nyu-hidvl
=024  7\$aHI2006.067_01$2nyu-hidvl
=040  \\$aNNU$cNNU$eamim
=043  \\$an-us---
=245  00$aRats, the fantasy of extermination$h[videorecording].
=260  \\$c1998 Oct.
=300  \\$a1 videocassette of 1 (Digital Betacam) (60 min.) :$bsd., col. ;$c1/2 in.$3master.
=300  \\$a1 videodisc of 1 (DVD) (60 min.) :$bsd., col. ;$c4 3/4 in.$3viewing copy.
=490  1\$aSusana Cook collection
=530  \\$aAlso available online as streaming video.
=500  \\$aTitle supplied by Hemispheric Institute.
=500  \\$aPart of the Hemispheric Institute Digital Video Library.
=534  \\$pMedia source original:$e1 videocassette of 1 (Mini DV) : sd., col. ; 1/4 in. SP.$mSony DVM60.
=518  \\$aPerformed at Dixon Place, New York City, in Oct. 1998.
=508  \\$aSusana Cook, producer, writer, director ; Dixon Place, producer ; Julian Mesri, videographer.
=511  1\$aSusana Cook, Mistah, Sarah Sohn, Saira, Felice Shays.
=520  \\$aSusana Cook (www.susanacook.com) is a New York-based Argentinean theater and performance artist. Mainly directed to queer and Latino communities in New York City, Cook's work also encompasses a heated response to broader State policies that oppress communities defined in the intersection of race, gender, and class. In her shows, Cook parodies discourses of power, drawing attention to the close ties between the state, religious and political conservatism, and the military. Cook's plays usually feature all-women casts that defy the normative performance of gender, race, and sexuality. During his administration, Rudolph Giuliani, the Mayor of New York City, decided that he was going to 'exterminate' the rats from New York City. In 'Rats' Susana Cook used some of Giuliani's discourse to compare it with the fantasy that some people have to make gays and lesbians disappear; the fantasy that those in power have that they can exterminate and rend any minority group invisible. 'Rats' is about queers, butches, lesbians, and a little bit about rats. The show has a non linear structure. The piece starts with a comparison between rats and King Hamlet. The main character realizes that she already became a ghost - even when she is not dead yet - and she starts obsessing about her ghost and her death. She states: 'sometimes your death can be more important than your life'.
=540  \\$aThere are copyright restrictions on this collection. For more information, go to the online version of this video.
=650  \0$aHomophobia$zUnited States.
=650  \0$aSex discrimination$zUnited States.
=650  \0$aSegregation$zUnited States.
=650  \0$aIdentity (Psychology)
=653  \\$aSexual discrimination
=653  \\$aPolitical performance
=653  \\$aIdentity politics
=653  \\$aQueer/Gay/Lesbian
=655  \7$aPerformance.$2nyu-hidvl
=655  \7$aTheater.$2nyu-hidvl
=655  \7$aPolitical performance.$2nyu-hidvl
=655  \7$aQueer/Gay/Lesbian performance.$2nyu-hidvl
=700  1\$aCook, Susana.$4pro$4aut$4drt$4prf
=700  1\$aMesri, Julian.$4vdg
=710  2\$aDixon Place.$4pro
=710  2\$aHemispheric Institute Digital Video Library.
=830  \0$aSusana Cook collection.
=856  40$uhttp://hdl.handle.net/2333.1/qv9s4n5c

