=LDR  04553cgm a2200697 a 4500
=001  003424614
=004  003424614
=005  20110228102000.0
=006  m\\\\\\\\z\\\\\\\\
=007  vd\cvaizu
=007  vf\ciahou
=007  cr\cna|||m|||a
=007  vd\cvaizu
=007  cr\|||||||||||
=008  110224e19981010ck\168\\\\\\\\\\\\vlspa\d
=024  7\$aHI2007_243_01$2nyu-hidvl
=024  7\$aHI2007_244_01$2nyu-hidvl
=024  7\$aHI2007_245_01$2nyu-hidvl
=024  7\$aHI2007.243_01$2nyu-hidvl
=024  7\$aHI2007.244_01$2nyu-hidvl
=024  7\$aHI2007.245_01$2nyu-hidvl
=040  \\$aNNU$beng$cNNU
=041  0\$aspa
=043  \\$as-ck---
=079  \\$a(OCoLC)878609711
=245  03$aEl león y la domadora$h[videorecording] /$cMapa Teatro, producer ; Rolf Abderhalden, Heidi Abderhalden, directors ; Antonio Orlando Rodríguez, writer.
=260  \\$c1998 Oct. 10.
=300  \\$3viewing copy.$a3 videodiscs of 3 (DVD) (168 min.: pt.1, 62 min.; pt.2, 62 min.; pt.3, 44 min.) :$bsd., col. ;$c4 3/4 in.
=300  \\$3master.$a3 videocassettes of 3 (Digital Betacam) (168 min.) :$bsd., col. ;$c1/2 in.
=490  1\$aMapa Teatro : Laboratorio de Artistas collection
=538  \\$aDVD; NTSC.
=530  \\$aAlso available online as streaming video.
=546  \\$aIn Spanish.
=500  \\$aTitle supplied by Hemispheric Institute.
=500  \\$aPart of the Hemispheric Institute Digital Video Library.
=534  \\$pMedia source original:$e3 videocassettes of 3 (Mini DV) : sd., col. ; 1/4 in. SP.$mPanasonic DVM60.
=518  \\$aPerformed at Casa del Teatro, Bogotá, Colombia, on October 10, 1998.
=508  \\$aJuan Piñera, music ; Antonio Cadavid, Fredy Florez, Diana Ospina, stage hands and rigging ; Alberto Saldarriaga, Mapa Teatro, set design and props ; Elizabeth Abderhalden costumes ; Daniel Demont, José Ignacio Rincón, lighting.
=511  1\$aHeidi Abderhalden, Rolf Abderhalden, performers ; Joel 'El Pibo' Marques, percussion ; Hermides 'El Tati' Manzano, accordion.
=520  \\$aVideo documentation of Mapa Teatro's production of Antonio Orlando Rodríguez's theater piece 'El león y la domadora.' In this play, two characters - immigrants, dreamers - leave their homeland in search of prosperity and fortune. But, as with any migration fueled by a dream, their lives are torn between the reality of all that was lost and the illusion of all that may come. One of the foremost artistic companies in Colombia, Mapa Teatro (www.mapateatro.org) has been producing theater, performance and art installation projects since 1984. Founders and directors, Rolf and Heidi Abderhalden have created a wide ranging repertoire of theater, opera, mixed-media performance, and site-specific installation. Their work proposes richly textured visual metaphors in which they consider often complex psychological, social and political relationships. Committed to experimentation, and less interested in the actor as an 'agent of fiction,' they describe their project as 'a laboratory of social imagination,' that offers a space for presenting community issues and human concerns in media and performance. This combination of real-life situations and sites along with highly stylized aesthetic staging produces a tension between real action and (re)presentation. Mapa Teatro draws from live events captured on video such as the demolition of a neighborhood in Bogotá, ritual practice, and texts that explore the relationship of postmodern subjects, myth and metaphor. Mapa Teatro has performed by commissions, festivals and collaborative projects world-wide.
=540  \\$aThere are copyright restrictions on this collection. For more information, go to the online version of this video.
=650  \0$aImmigrants.
=650  \0$aTheater$zColombia$zBogotá.
=650  \0$aPerforming arts$zColombia$zBogotá.
=655  \7$aPerformance.$2nyu-hidvl
=655  \7$aTheater.$2nyu-hidvl
=655  \7$aExperimental theater.$2nyu-hidvl
=700  1\$aCortés, Rolf Abderhalden.$4drt$4prf
=700  1\$aCortés, Heidi Abderhalden.$4drt$4prf
=700  1\$aRodríguez, Antonio Orlando,$d1956-$4aut
=700  1\$aPiñera, Juan.$4mus
=710  2\$aMapa Teatro.$4pro
=710  2\$aHemispheric Institute Digital Video Library.
=830  \0$aMapa Teatro : Laboratorio de Artistas collection.
=853  00$81$apt.
=863  \\$81.1$a1
=863  \\$81.2$a2
=863  \\$81.3$a3
=856  40$uhttp://hdl.handle.net/2333.1/ncjsxn29

