=LDR  05082cgm a2200637 a 4500
=001  000560232
=003  NNU
=004  NYUb13553033
=005  20071210173435.0
=006  m\\\\\\\\z\\\\\\\\
=007  vd\cvaizu
=007  vf\ciahou
=007  cr\cna
=007  cr\|||||||||||
=008  071113s1998\\\\pe\062\\\\\\\\\\\\vlspa\d
=024  7\$aHI2005_100_01$2nyu-hidvl
=024  7\$aHI2005.100_01$2nyu-hidvl
=035  \\$a(NYU)NYUb13553033
=040  \\$aNNU$cNNU$eamim
=043  \\$as-pe---
=245  00$aPersistencia de la memoria$h[videorecording].
=246  31$aPersistence of memory
=246  33$aPersistencia de la Memoria :$bGrupo Cultural Yuyachkani, 25 aniversario, 1996
=260  \\$c1998.
=300  \\$3master.$a1 videocassette of 1 (Digital Betacam) (62 min.) :$bsd., col. ;$c1/2 in.
=300  \\$3viewing copy.$a1 videodisc of 1 (DVD) (62 min.) :$bsd., col. ;$c4 3/4 in.
=490  1\$aYuyachkani collection
=530  \\$aAlso available online as streaming video.
=546  \\$aIn Spanish.
=500  \\$aTitle supplied by Hemispheric Institute.
=500  \\$aPart of the Hemispheric Institute Digital Video Library.
=534  \\$pMedia source original:$e1 videocassette of 1 (Mini DV) : sd., col. ; 1/4 in. SP.$mSony DVM80.
=518  \\$aRecorded in Lima, Peru, in 1998.
=508  \\$aAndrés Cotler Avalos, director ; Grupo Cultural Yuyachkani, producer ; Zeppelin Producciones, producer ; UNICEF Peru, producer.
=511  1\$aGrupo Cultural Yuyachkani (protagonist).
=520  \\$aThis documentary, created for the 25th anniversary of Grupo Cultural Yuyachkani, is a must-see for anyone interested in the work of this renowned Peruvian theater group. This documentary features interviews with Miguel Rubio (director of the group), other group members, and several renowned archaeologists, critics and theater experts of Peru, including anthropologist Rodrigo Montoya, historian María Rostworowski, director of the Escuela Internacional de Teatro de América Latina y el Caribe (EITALC), Osvaldo Dragún, and Hugo Salazar, a prominent Peruvian theater critic. The documentary also includes footage of performances 'Músicos Ambulantes', 'Encuentro de Zorros', 'Baladas del Bien-Estar', 'Son de los Diablos', 'Contraelviento', 'Adiós Ayacucho', 'Yuyachkani En Concierto', 'No Me Toquen Ese Valse', 'Hasta Cuándo Corazón', 'Retorno' and 'Pasacalle', all works that the group performed within its first twenty-five years of theater work. The documentary discusses the progression of the group, from an ensemble of young students eager to explore theater, to an integral element of Peruvian society responding to the cultural and political issues of Peru. This documentary shows Yuyachkanis relationship to the community and nicely illustrates the history of the plays and the theater group itself. Perus most important theater collective, Grupo Cultural Yuyachkani (www.yuyachkani.org) has been working since 1971 at the forefront of theatrical experimentation, political performance, and collective creation. Yuyachkani is a Quechua word that means I am thinking, I am remembering; under this name, the theater group has devoted itself to the collective exploration of embodied social memory, particularly in relation to questions of ethnicity, violence, and memory in Peru. The group is comprised of seven actors (Augusto Casafranca, Amiel Cayo, Ana Correa, Débora Correa, Rebeca Ralli, Teresa Ralli, and Julián Vargas), a technical designer (Fidel Melquíades), and an artistic director (Miguel Rubio), who have made a commitment to collective creation as a mode of theatrical production and to group theater as a life style. Their work has been among the most important in Latin Americas so called New Popular Theater, with a strong commitment to grass-roots community issues, mobilization, and advocacy. Yuyachkani won Perus National Human Rights Award in 2000. Known for its creative embrace of both indigenous performance forms as well as cosmopolitan theatrical forms, Yuyachkani offers insight into Peruvian and Latin American theater, and to broader issues of postcolonial social aesthetics.
=540  \\$aThere are copyright restrictions on this collection. For more information, go to the online version of this video.
=610  20$aGrupo Cultural Yuyachkani.
=650  \0$aIdentity (Psychology)$xPolitical aspects.
=650  \0$aPerforming arts$zPeru.
=650  \0$aTheater$zPeru.
=653  \\$aPolitical performance
=653  \\$aTeatro de grupo
=653  \\$aIdentity politics
=655  \7$aDocumentary.$2nyu-hidvl
=700  1\$aCotler Avalos, Andrés.$4drt
=710  2\$aGrupo Cultural Yuyachkani.$4pro
=710  2\$aZeppelin Producciones.$4pro
=710  2\$aUNICEF Peru.$4pro
=710  2\$aHemispheric Institute Digital Video Library.
=830  \0$aYuyachkani collection.
=856  40$uhttp://hdl.handle.net/2333.1/2ngf1vq1

