=LDR  05107cgm a22006975a 4500
=001  000518454
=003  NNU
=004  NYUb13507630
=005  20071210173431.0
=006  m\\\\\\\\z\\\\\\\\
=007  vd\cvaizu
=007  vf\ciahou
=007  cr\cna
=007  cr\|||||||||||
=008  070620s1998\\\\cau051\\\\\\\\\\\\vlmul\d
=024  7\$aHI2005_068_01$2nyu-hidvl
=024  7\$aHI2005.068_01$2nyu-hidvl
=035  \\$a(NYU)NYUb13507630
=040  \\$aNNU$cNNU$eamim
=041  0\$aeng$aspa
=245  04$aThe mexterminator$h[videorecording]
=260  \\$c1998.
=300  \\$3master.$a1 videocassette of 1 (Digital Betacam) (51 min.) :$bsd., col. ;$c1/2 in.
=300  \\$3viewing copy.$a1 videodisc of 1 (DVD) (51 min.) :$bsd., col. ;$c4 3/4 in.
=490  1\$aFrom Aztec to High-Tech : the performance video collections of Guillermo Gómez-Peña & La Pocha Nostra, 1985-2004.
=530  \\$aAlso available online as streaming video.
=546  \\$aIn English, Spanish, and Spanglish.
=500  \\$aTitle supplied by Hemispheric Institute.
=500  \\$aPart of the Hemispheric Institute Digital Video Library.
=534  \\$pMedia source original:$e1 videocassette of 1 (VHS) : sd., col. ; 1/2 in. SP.$mQuantegy Professional T-60.
=518  \\$aPerformed at Somar Gallery, San Francisco, California, in 1998.
=508  \\$aGuillermo Gómez-Peña, director, producer ; La Pocha Nostra, producer ; Gustavo Vasquez, videographer.
=511  1\$aGuillermo Gómez-Peña, Roberto Sifuentes, Violeta Luna, Sara Shelton-Mann, Yoshigiro Masegiro, James Luna.
=520  \\$aA 'political peepshow' of sorts, this interactive performance/installation functions as a living museum of techno-dioramas displaying a series of living 'multicultural Frankensteins' or 'ethno-cyborgs'. The characters, created by La Pocha Nostra, are based on thousands of anonymous on-line responses by net users (www.mexterminator.com), re-interpreting their proposals for 'hybrid specimens' meant to embody Americans' expressed intercultural fears and desires toward Latinos, immigrants and people of color. The resulting dioramas involve physical interaction with the audience, encouraging visitors to engage in the reflection of their own psychological and cultural monsters. La Pocha Nostra (www.pochanostra.com) is an ever-morphing trans-disciplinary arts organization, founded in 1993 by Guillermo Gómez-Peña, Roberto Sifuentes, and Nola Mariano in California. The objective was to formally conceptualize Gómez-Peña's collaborations with other performance artists. It provides a base (and forum) for a loose network of rebel artists from various disciplines, generations and ethnic backgrounds, whose common denominator is the desire to cross and erase dangerous borders between art and politics, practice and theory, artist and spectator. As of June 2006, members include performance artists Guillermo Gómez-Peña, Violeta Luna, Michelle Ceballos, and Roberto Sifuentes; curators Gabriela Salgado and Orlando Britto; and over thirty associates worldwide in countries such as Mexico, Spain, the UK, and Australia. Projects range from performance solos and duets to large-scale performance installations including video, photography, audio, and cyber-art. La Pocha collaborates across national borders, race, gender and generations. Their collaborative model functions both as an act of citizen diplomacy and as a means to create ephemeral communities of like-minded rebels. The basic premise of these collaborations is founded on an ideal: If we learn to cross borders on stage, we may learn how to do so in larger social spheres. La Pocha strives to eradicate myths of purity and dissolve borders surrounding culture, ethnicity, gender, language, and métier. These are radical acts.
=540  \\$aThere are copyright restrictions on this collection. For more information, go to the online version of this video.
=650  \0$aMulticulturalism.
=650  \0$aRace.
=650  \0$aHispanic Americans.
=650  \0$aPrejudices.
=650  \0$aAnthropology$xSocial aspects.
=655  \7$aPerformance.$2nyu-hidvl
=655  \7$aPerformance art.$2nyu-hidvl
=655  \7$aBorder art.$2nyu-hidvl
=655  \7$aReverse anthropology.$2nyu-hidvl
=655  \7$aMultimedia interactive living museum .$2nyu-hidvl
=655  \7$aPerformance/Installation.$2nyu-hidvl
=700  1\$aGómez-Peña, Guillermo.$4drt$4pro$4prf
=700  1\$aSifuentes, Roberto,$d1967-$4prf
=700  1\$aLuna, Violeta,$d1943-$4prf
=700  1\$aShelton-Mann, Sara.$4prf
=700  1\$aMasegiro, Yoshigiro.$4prf
=700  1\$aLuna, James.$4prf
=710  2\$aPocha Nostra.
=710  2\$aSomar Gallery.
=710  2\$aHemispheric Institute Digital Video Library.
=830  \0$aFrom Aztec to High-Tech : the performance video collections of Guillermo Gómez-Peña & La Pocha Nostra, 1985-2004.
=856  40$uhttp://hdl.handle.net/2333.1/wpzgmsnj

