=LDR  04675cgm a22006855a 4500
=001  000512001
=003  NNU
=004  NYUb13500457
=005  20080310133528.0
=006  m\\\\\\\\z\\\\\\\\
=007  vd\cvaizu
=007  vf\ciahou
=007  cr\cna
=007  cr\|||||||||||
=008  070529e19980611nyu090\\\\\\\\\\\\vleng\d
=024  7\$aHI2006_137_01$2nyu-hidvl
=024  7\$aHI2006.137_01$2nyu-hidvl
=035  \\$a(NYU)NYUb13500457
=040  \\$aNNU$cNNU$eamim
=041  1\$aeng$aspa
=043  \\$an-us-ny
=245  00$aJails, hospitals & hip-hop$h[videorecording] :$blive at Performance Space 122.
=246  3\$aJails, hospitals and hip-hop :$blive at Performance Space 122
=246  3\$aPerformance Space 122 presents :$bJails, hospitals & hip-hop by Danny Hoch
=246  3\$aP.S. 122 presents :$bJails, hospitals & hip-hop by Danny Hoch
=260  \\$c1998 June 11.
=300  \\$3master.$a1 videocassette of 1 (Digital Betacam) (90 min.) :$bsd., col. ;$c1/2 in.
=300  \\$3viewing copy.$a1 videodisc of 1 (DVD) (90 min.) :$bsd., col. ;$c4 3/4 in.
=490  1\$aSolo performances by Danny Hoch (1990s)
=530  \\$aAlso available online as streaming video.
=546  \\$aIn English, with some Spanish.
=500  \\$aTitle supplied by Hemispheric Institute.
=500  \\$aPart of the Hemispheric Institute Digital Video Library.
=534  \\$pMedia source original:$e1 videocassette of 1 (VHS) : sd., col. ; 1/2 in. SP.$mFuji PG T-120.
=518  \\$aPerformed at P.S. 122, New York City, on June 11, 1998.
=508  \\$aDanny Hoch, creator, producer ; Charles Dennis, videographer.
=511  1\$aDanny Hoch.
=520  \\$aDanny Hoch (www.dannyhoch.com) is an actor, playwright and director whose plays 'Pot Melting', 'Some People', and 'Jails, Hospitals & Hip-Hop' have garnered many awards including 2 OBIES, a NEA Solo Theatre Fellowship, Sundance Writers Fellowship, CalArts/Alpert Award In Theatre and a Tennessee Williams Fellowship. He is a Senior Fellow at the New School's Vera List Center For Art & Politics and his writings on hip-hop, race and class have appeared in 'The Village Voice' and 'New York Times', among others; his book 'Jails, Hospitals & Hip-Hop' is in its second printing by Villard Books/Random House. Mr. Hoch also founded the 'Hip-Hop Theater Festival' in 2000 which has since presented over 75 hip-hop generation plays from all over the world. A third-generation New Yorker who grew up during the birth of hip-hop culture in a multiracial outer-borough neighborhood, Danny brings together his inner monologues, layered composites of stories and voices form his personal experiences, stories of his community and his generation, placing traditionally peripheral characters center stage. Characters like prison convicts Bronx and Andy; 'gangsta thug'-wannabe white teenager Flip; correction officer with anger management problems Sam; Gabriel, a young man with a severe speech disorder due to his mother's drug addiction during pregnancy; Victor, a young man on permanent steel crutches because of police brutality; young Cuban student Peter; and successful rapper Emcee Enuff, all evidence this outstanding contemporary work, reunited under the title 'Jails, Hospitals & Hip-Hop', here performed at Performance Space 122 in New York City. An urban griot for the communities of urban North America, Hoch combines hip-hop culture's worldview and expressive strategies of resistance along with storytelling riffs, actively exploring language in order to move the audience from passive entertainment to active engagement.
=540  \\$aThere are copyright restrictions on this collection. For more information, go to the online version of this video.
=650  \0$aHip-hop.
=650  \0$aCity and town life$zNew York (State)$zNew York$vDrama.
=650  \0$aEthnic groups$zNew York (State)$zNew York$vDrama.
=653  \\$aHip-hop culture
=653  \\$aHip-hop theater
=653  \\$aSolo performance
=655  \7$aPerformance.$2nyu-hidvl
=655  \7$aTheater.$2nyu-hidvl
=655  \7$aOne-person shows (Performing arts).$2nyu-hidvl
=655  \7$aHip-Hop theater.$2nyu-hidvl
=655  \7$aSpoken word performance.$2nyu-hidvl
=655  \7$aStorytelling.$2nyu-hidvl
=700  1\$aHoch, Danny.$4cre$4pro$4prf
=700  1\$aDennis, Charles.$4vdg
=710  2\$aHemispheric Institute Digital Video Library.
=830  \0$aSolo performances by Danny Hoch (1990s)
=856  40$uhttp://hdl.handle.net/2333.1/bcc2fr5h

