=LDR  05133cgm a2200649 a 4500
=001  000568422
=003  NNU
=004  NYUb13561649
=005  20080408164021.0
=006  m\\\\\\\\z\\\\\\\\
=007  vd\cvaizu
=007  vf\ciahou
=007  cr\cna
=007  \\vd
=007  cr\|||||||||||
=008  071212e19980612nyu056\\\\\\\\\\\\vleng\d
=024  7\$aHI2005_038_01$2nyu-hidvl
=024  7\$aHI2005.038_01$2nyu-hidvl
=040  \\$aNNU$cNNU$eamim
=079  \\$a(OCoLC)184823296
=245  00$aOld man Kokopelli$h[videorecording].
=246  3\$aJohn Jaramillo & Sandra Hughes :$bOld man Kokopelli
=246  3\$iTitle mislabeled on DVD title screen:$aSkin, stone, positive
=246  30$aKokopelli
=260  \\$c1998 June 12.
=300  \\$3master.$a1 videocassette of 1 (Digital Betacam) (56 min.) :$bsd., col. ;$c1/2 in.
=300  \\$3viewing copy.$a1 videodisc of 1 (DVD) (56 min.) :$bsd., col. ;$c4 3/4 in.
=490  1\$aAmerican Indian Community House collection
=530  \\$aAlso available online as streaming video.
=500  \\$aTitle supplied by Hemispheric Institute.
=500  \\$aPart of the Hemispheric Institute Digital Video Library.
=534  \\$pMedia source original:$e1 videocassette of 1 (VHS) : sd., col. ; 1/2 in. SP.
=518  \\$aPerformed at The American Indian Community House, New York City, on June 12, 1998.
=508  \\$aAmerican Indian Community House, producer ; Gateway Productions, producer ; John Jaramillo, Sandra Hughes, creators, choreographers, directors ; Michael Hickey, mask maker.
=511  1\$aJohn Jaramillo, Sandra Hughes.
=520  \\$aThe humped-back flute player known by the Hopi word Kokopelli is an ancient deity and today, one of the Hopi Kachinas. Kokopelli is a symbol of fertility in many Native cultures and is thought to bring well-being to the people, assuring success in hunting, planting and growing crops, and human conception. His 'hump' is often considered a bag of gifts, a sack carrying the seeds of plants and flowers he scatters every spring. Kokopelli is the inspiration for 'Old Man Kokopelli', a Gateway Performance Production performed by John Jaramillo and Sandra Hughes. This performance was one of the many guest performances from outside the New York area to be welcome into the AICH circle. John Jaramillo conceived, choreographed and directed this production in collaboration with Sandra Hughes, the founding Artistic Director of Gateway Performance Productions, and mask carver Michael Hickey. Both Hughes and Jaramillo have taught the performing arts to Native American Youth at Isleta Pueblo Indian Reservation (NM), Red Lake Indian Reservation (MN), the Riverside Indian School (OK) and for the American Indian Institute's Project L.O.G.I.C. for gifted and talented Native American Youth. The American Indian Community House (AICH) is an urban Indian center that services the needs of the Native people living in New York City and welcomes Native visitors to the city. AICH was founded in 1969 and has become a de facto 'neighborhood' serving as a meeting place for the diverse Native community of the New York City area. The Community House offers a variety of services ranging from substance abuse and HIV counseling, to career assistance. It is also home to the only Indian owned and operated art gallery in New York City. The AICH's Performing Arts Department has become an important resource for Native visual and performance artists. Through its programming, performance has become an important educational vehicle, both for the Native and non-Native NY community. The Badger's Corner, initiated in the 1980's, is an education-via-entertainment vehicle for the AICH's visual and performing arts department programs. Taking its name from the Pueblo legend of the four-legged creature who led the Pueblo people out of the underworld after the great flood, the intent of its programming is to inform andchallenge people to rethink their concept(s) of Native American people and customs. All performances at AICH are presented under the auspices of the Badger's Corner.
=540  \\$aThere are copyright restrictions on this collection. For more information, go to the online version of this video.
=650  \0$aKokopelli (Pueblo deity)
=653  \\$aNative performance
=655  \7$aPerformance.$2nyu-hidvl
=655  \7$aTheater.$2nyu-hidvl
=655  \7$aNative performance.$2nyu-hidvl
=655  \7$aNative theater.$2nyu-hidvl
=655  \7$aMasks performance.$2nyu-hidvl
=700  1\$aJaramillo, John.$4cre$4drt$4chr$4prf
=700  1\$aHughes, Sandra.$4cre$4drt$4chr$4prf
=700  1\$aHickey, Michael E.$4art
=710  2\$aGateway Productions.$4pro
=710  2\$aAmerican Indian Community House (New York, N.Y.)$4pro
=710  2\$aHemispheric Institute Digital Video Library.
=830  \0$aAmerican Indian Community House collection.
=856  40$uhttp://hdl.handle.net/2333.1/m905qg5n

