=LDR  05269cgm a22007575a 4500
=001  000514292
=003  NNU
=004  NYUb13503010
=005  20071210173430.0
=006  m\\\\\\\\z\\\\\\\\
=007  vd\cvaizu
=007  vf\ciahou
=007  cr\cna
=007  \\vd
=007  cr\|||||||||||
=008  070607e199807uuenk092\\\\\\\\\\\\vlspa\d
=024  7\$aHI2007_032_01$2nyu-hidvl
=024  7\$aHI2007_033_01$2nyu-hidvl
=024  7\$aHI2007.032_01$2nyu-hidvl
=035  \\$a(NYU)NYUb13503010
=040  \\$aNNU$cNNU$eamim
=043  \\$anwcu---$acl-----
=245  00$aOtra tempestad$h[videorecording].
=246  31$aAnother tempest
=246  3\$aOtra tempestad at the Globe Theatre
=260  \\$c1998 July.
=300  \\$3master.$a2 videocassettes of 2 (Digital Betacam) (92 min.) :$bsd., col. ;$c1/2 in.
=300  \\$3viewing copy.$a2 videodiscs of 2 (DVD) (92 min. : pt.1, 63 min. ; pt.2, 29 min.) :$bsd., col. ;$c4 3/4 in.
=490  1\$aTeatro Buendía collection
=530  \\$aAlso available online as streaming video.
=546  \\$aIn Spanish.
=500  \\$aTitle supplied by Hemispheric Institute.
=500  \\$aPart of the Hemispheric Institute Digital Video Library.
=534  \\$pMedia source original:$e2 videocassettes of 2 (Mini DV) : sd., col. ; 1/4 in. SP.$mPanasonic DVM60.
=518  \\$aPerformed at Shakespeare's Globe Theatre, London, England, in July 1998.
=508  \\$aTeatro Buendía, producer ; Flora Lauten, director ; Raquel Carrió, Flora Lauten, writers ; Eduardo Arrocha, set & costume design ; Carlos Repilado, lighting design ; Ireno García, music consultant ; Rodolfo Alcalá, Manuela Alonso, choreography ; Alberto Velázquez, masks ; Aurora Delgado, Noelia Pérez, Taller del Ministerio de Cultura, costumes ; Adela Prado, makeup.
=511  1\$aJosé Antonio Alonso, Félix Antequera, Oreste Pérez, Ivanesa Cabrera, Juan José Rodríguez, Ileana Wilson, Giselle Navaroli, Carlos Cruz, Sandra Lorenzo, Pablo Guevara, Dania Aguerreberez, Antonia Fernández, Jomary Hechavarría (musician), José del Pilar Suárez (musician), Agustín Gómez (musician), Alfredo Hernández (musician), Leandro More (musician), Juan Larrinaga (musician).
=520  \\$aAdaptation written by Raquel Carrió and Flora Lauten, based on texts by Shakespeare, Carpentier, Paz, Martí, and Caribbean folktales, rituals and songs from Yoruban and Araran cultures. An exploration of the conflicting and syncretic coordinates of "cubanidad", Otra Tempestad tells the story of the labyrinthical encounters (dreamt or imagined) between well-known Shakespearean characters and key figures of Afro-Caribbean mythology. Fifteen "cuadros", constantly cycling from death to utopia to death, examine archetypal behavior, investigating the space where worlds collide, the confluence of old and new world orders. The performance here documented was staged in the context of "The Season of Justice and Mercy" (1998) at the reconstructed Shakespeare's Globe Theatre in London. Teatro Buendía, formed in 1986 by graduates from the Higher Institute of Arts, Havana, and directed by Flora Lauten, is Cuba's most celebrated theater company. Since its foundation, they have developed two parallel lines of work: the production of theater spectacles, and a permanent research center investigating Latin American and Caribbean cultural traditions, the expressive possibilities of the actor, and the renewal of scenic languages. The study of the possible relations between music, dance, and interpretation, as well as the formulation of new forms of scenic writing and dramaturgy of the spectacle, have consolidated Teatro Buendía's international prestige as a company that has presented their repertoire in the most demanding festivals and venues of Latin America, Europe, North America, Asia, Africa and Australia, all to critical acclaim. They also tour internationally giving workshops, seminars and conferences on their cultural investigations and creative methods.
=540  \\$aThere are copyright restrictions on this collection. For more information, go to the online version of this video.
=600  10$aShakespeare, William,$d1564-1616$xCharacters$vDrama.
=600  10$aShakespeare, William,$d1564-1616.$tTempest.
=650  \0$aPerforming arts$zCuba.
=650  \0$aTheater$zCuba.
=653  \\$aSyncretism$aCuba
=653  \\$aGlobe Theatre
=655  \7$aPerformance.$2nyu-hidvl
=655  \7$aTheater.$2nyu-hidvl
=655  \7$aCuban theater.$2nyu-hidvl
=655  \7$aPerformances (entertainment events).$2aat
=655  \7$aPerformance art.$2aat
=655  \7$aTheater (discipline).$2aat
=700  1\$aLauten, Flora.$4drt$4adp
=700  1\$aCarrió Ibietatorremendía, Raquel.$4adp
=710  2\$aGlobe Theatre (London, England : 1996- )
=710  2\$aTeatro Buendía.$4pro
=710  2\$aHemispheric Institute Digital Video Library.
=830  \0$aTeatro Buendía collection.
=853  00$81$apt.
=863  50$81.1$a1$p31142045845578
=863  50$81.2$a2$p31142045845586
=856  40$uhttp://hdl.handle.net/2333.1/bzkh18js
=954  \\$81$aVolumes

