=LDR  04161cgm a2200613 a 4500
=001  003733069
=004  003733069
=005  20130321120816.0
=006  m\\\\\\\\c\\\\\\\\
=007  vd\cvaizu
=007  cr\cna|||m|||a
=007  cr\|||||||||||
=007  vd\cvaizu
=008  130321s1998\\\\cau024\\\\\\\\\\\\vleng\d
=024  7\$aHI2010_086_01$2nyu-hidvl
=024  7\$aHI2010.086_01$2nyu-hidvl
=040  \\$aNNU$beng$cNNU
=041  0\$aeng$aspa
=079  \\$a(OCoLC)845245335
=245  00$aLast stop ranchera$h[videorecording] :$bdevelopmental workshops /$cYerba Buena Center for the Arts, Latina Theatre Lab (Jaime Lujan), and ODC/Dance Center, producers ; Wilma Bonet, director ; Yolanda Aranda, musical director.
=260  \\$c1998.
=300  \\$3viewing copy.$a1 videodisc of 1 (DVD) (23 min., 57 sec.) :$bsd., col. ;$c4 3/4 in.
=490  1\$aLatina Theatre Lab collection
=546  \\$aIncludes English and Spanish.
=500  \\$aTitle supplied by Hemispheric Institute.
=500  \\$aPart of the Hemispheric Institute Digital Video Library.
=518  \\$aPerformed at the Yerba Buena Center / ODC/Dance Center in San Francisco, California, in 1998.
=508  \\$aJaime Lujan, Marlène Ramírez-Cancio, writers ; Cherrie Moraga, dramaturg.
=511  1\$aYolanda Aranda, Wilma Bonet, Cristina Frias, Jaime Lujan, Marlène Ramírez-Cancio, Andrea Cristina Thome, Monica Sanchez, performers.
=520  \\$aLatina Theater Lab developed acting workshops and Ranchera singing classes led by ensemble member Yolanda Aranda, who asked: What kind of music did you listen to at home? As each participant answered the questions, stories began to unfold through songs that evoked a cherished memory or a painful loss. During the eight-week workshop, participants were all required to memorize and perform a song they had chosen in true Ranchera style. This is a video documentation of two developmental workshops where members of the ensemble share their performance composition method with the audience. Latina Theatre Lab was one of the first and only all-Latina collective of writers, performers, and directors in the U.S. Their performance-sketch work dealt with pop culture, immigration, cross-cultural identities, and the complexities of 'being Latina.' It was founded in 1994 by four San Francisco Bay Area actresses: Dena Martinez, Jaime Lujan, Tessa Koning-Martinez and Wilma Bonet. Their purpose was to create theater that would go beyond the ever shrinking and limited range of roles for which Latina actresses were being considered. These roles were scarce, and rarely defied stereotypes. From 1994-1999, Latina Theatre Lab's work played with these cultural and gender stereotypes, exploring the legacies they inherited both as Latinas and as women. They also collaborated with Culture Clash, the Asian American Theater Company, and the 18 Mighty Mountain Warriors.
=530  \\$aAlso available online as streaming video.
=534  \\$pMedia source original:$e1 videocassette of 1 (Mini DV) : sd., col. ; 1/4 in. SP.$mPanasonic DVM60.
=540  \\$aThere are copyright restrictions on this collection. For more information, go to the online version of this video.
=650  \0$aRancheras.
=650  \0$aSinging$xInstruction and study.
=650  \0$aHispanic American women$vPersonal narratives.
=650  \0$aHispanic American women$xSocial life and customs.
=650  \0$aIdentity politics.
=653  \\$aLatinas.
=655  \7$aPerformance.$2nyu-hidvl
=655  \7$aTheater.$2nyu-hidvl
=655  \7$aMultimedia.$2nyu-hidvl
=655  \7$aPolitical parody.$2nyu-hidvl
=700  1\$aLujan, Jaime.$4pro$4cre$4prf
=700  1\$aBonet, Wilma.$4drt$4prf
=700  1\$aAranda, Yolanda.$4msd$4prf
=710  2\$aLatina Theatre Lab.$4pro$4cre$4prf
=710  2\$aCenter for the Arts at Yerba Buena Gardens.$4pro
=710  2\$aOberlin Dance Collective.$bDance Commons.$4pro
=710  2\$aHemispheric Institute Digital Video Library.
=830  \0$aLatina Theatre Lab collection.
=856  40$uhttp://hdl.handle.net/2333.1/6djh9xpq

