=LDR  04884cgm a22006615a 4500
=001  000513554
=003  NNU
=004  NYUb13502227
=005  20080229190625.0
=006  m\\\\\\\\z\\\\\\\\
=007  vd\cvaizu
=007  vf\ciahou
=007  cr\cna
=007  cr\|||||||||||
=008  070605s1998\\\\nyu031\\\\\\\\\\\\vleng\d
=024  7\$aHI2007_005_01$2nyu-hidvl
=024  7\$aHI2007.005_01$2nyu-hidvl
=035  \\$a(NYU)NYUb13502227
=040  \\$aNNU$cNNU$eamim
=043  \\$an-us-ny
=245  00$aQuality of life$h[videorecording].
=260  \\$c1998.
=300  \\$3master.$a1 videocassette of 1 (Digital Betacam) (31 min.) :$bsd., col. ;$c1/2 in.
=300  \\$3viewing copy.$a1 videodisc of 1 (DVD) (31 min.) :$bsd., col. ;$c4 3/4 in.
=490  1\$aCircus Amok collection
=530  \\$aAlso available online as streaming video.
=500  \\$aTitle supplied by Hemispheric Institute.
=500  \\$a"Quality of life II" performed in 1999, is recorded on tape HI2006.111_01 (DVD 7996).
=500  \\$aPart of the Hemispheric Institute Digital Video Library.
=534  \\$pMedia source original:$e1 videocassette of 1 (VHS) : sd., col. ; 1/2 in. SP.$mSony T120.
=518  \\$aPerformed in New York City in 1998.
=508  \\$aCircus Amok, producer ; Jennifer Miller, producer, director ; Jenny Romaine, music director ; Bob Morris, Sarah Shulman, additional writing ; Alessandra Nichols, Scott Heron, Jonathan Berger, design ; Delano Lopez, tech director ; Roderick Murray, tech consultant ; Stephanie Monsell, seamstress ; Susana Cook / Tango Lesbiano, video.
=511  1\$aCircus Amok.
=520  \\$aVideo documentation of Circus Amok's show, 'Quality of Life,' performed in 1998 in diverse New York City parks, squares and other public spaces. The piece revolves around political, social and economic issues at play in New York City, while posing a critique of the clash between the needs of the diverse, multitudinous population of NYC, and the oppressive governmental policies impacting the city. Poverty, oppressive labor conditions and other economic inequalities, along with police brutality, unequal rights for minorities, political oppression, lack of affordable health services, and excessive construction of corporate and commercial buildings in residential areas (including the demolition of community gardens) are some of the topics here exposed. Through the unveiling of these issues, the piece poses an open call for civic activism and empowerment, a demand for justice and for a revision of the coordinates of NYC civil life, all interwoven in a joyful extravaganza of acrobatic artistry, satiric skill, and good old-fashioned circus fun. Circus Amok (www.circusamok.org) is a New York City based circus-theater company whose mission is to provide free public art addressing contemporary issues of social justice to the people of NYC. Directed and founded by Jennifer Miller, the group has been together since 1989 bringing its funny, queer, caustic and sexy, political one-ring spectacles to diverse neighborhoods throughout the city. Over the years the traditional circus skills - tight rope walking, juggling, acrobatics, stilt walking, clowning - have been combined with experimental dance, lifesize puppetry, music old and new, and gender-bending performance art and improvisational techniques, creating new meanings for circus while continuing to entertain the crowds of all ages throughout the city streets, gardens, parks, and playgrounds, inviting the audience to join them in envisioning a more empowered life of community interaction while enjoying a queer celebratory spectacle.
=540  \\$aThere are copyright restrictions on this collection. For more information, go to the online version of this video.
=650  \0$aCircus$zNew York (State)$zNew York.
=650  \0$aStreet theater$zNew York (State)$zNew York.
=650  \0$aGay theater$zNew York (State)$zNew York.
=650  \0$aSocial justice$zNew York (State)$zNew York.
=651  \0$aNew York (N.Y.)$xHistory$y20th century.
=651  \0$aNew York (N.Y.)$xPolitics and government$y20th century.
=653  \\$aNew York City history and culture
=653  \\$aPolitical performance
=655  \7$aPerformance.$2nyu-hidvl
=655  \7$aCircus.$2nyu-hidvl
=655  \7$aStreet theater.$2nyu-hidvl
=655  \7$aPolitical performance.$2nyu-hidvl
=655  \7$aQueer performance.$2nyu-hidvl
=700  1\$aMiller, Jennifer,$d1961-$4pro$4drt$4prf
=700  1\$aRomaine, Jenny.$4mus$4drt
=710  2\$aCircus Amok.$4pro$4prf
=710  2\$aHemispheric Institute Digital Video Library.
=830  \0$aCircus Amok collection.
=856  40$uhttp://hdl.handle.net/2333.1/c59zw40t

