=LDR  06275cgm a2200733 a 4500
=001  001106681
=003  NNU
=004  NYUb12927543
=005  20090408134613.0
=006  m\\\\\\\\z\\\\\\\\
=007  vd|cvaizu
=007  vf|ciahou
=007  vd|cvaizu
=007  cr\|||||||||||
=008  031014s1998\\\\mx\098\\\\\\\\\\\\vlspa\d
=024  7\$aHI2004_038_01$2nyu-hidvl
=024  7\$aHI2004_039_01$2nyu-hidvl
=024  7\$aHI2004.038_01$2nyu-hidvl
=040  \\$aNNU$cNNU$eamim
=041  0\$aspa
=043  \\$an-mx---
=079  \\$a(OCoLC)85032043
=245  03$aEl derecho de abortar$h[videorecording]
=246  31$aRight to abort
=260  \\$c1998.
=300  \\$3viewing copy.$a2 videodiscs of 2 (DVD) (98 min.) :$bsd., col. ;$c4 3/4 in.
=300  \\$3master.$a2 videocassettes of 2 (Digital Betacam) (98 min.) :$bsd., col. ;$c1/2 in.
=490  1\$aEl Hábito collection
=530  \\$aAlso available online as streaming video.
=546  \\$aIn Spanish.
=500  \\$aTitle supplied by Hemispheric Institute.
=500  \\$aPart of the Hemispheric Institute Digital Video Library.
=534  \\$pMedia source original:$e2 videocassettes (VHS) : sd., col. ; 1/2 in.$mJVC T-160.
=518  \\$aPerformed at Teatro Bar El Hábito, Mexico City, Mexico, in 1998.
=508  \\$aJesusa Rodríguez, writer, producer, director ; Liliana Felipe, producer, musical director ; Carlos Pascual, writer.
=511  1\$aJesusa Rodríguez, Liliana Felipe, Isela Vega, Diego Jáuregui, Carlos Pascual, Pedro Kóminik.
=520  \\$aMonica 'Lengüinsky' (played by Jesusa Rodríguez) flees to Mexico during the Clinton scandal, becomes a TV writer, and produces 'El Derecho de Abortar,' a show that is a cross between a 'pastorela' (Nativity play) and a 'telenovela' (soap opera). This 'pastonovela' features Virgin Mary and Joseph of Nazareth as two wealthy Mexicans tormented by the ambiguous sexuality of their cross-dressing son, Jesus Christ. In a failed attempt to 'straighten him out,' they employ a prostitute ('María Magdalena' Lengüinsky), who ends up discovering that Jesus is really a hermaphrodite, that he is pregnant, and that the father of his unborn child is St. Joseph himself. When Jesus gets an abortion, Lengüinsky sees her chance to profit from the situation: she blackmails the Holy Family by threatening to go public with the truth about Jesus. Putting their own social status first (including Joseph's political career as a candidate to the Mexican presidency), the Holy Family decides to sacrifice Jesus and sells Lengüinsky the copyright to all images of the crucifixion. 'El Derecho de Abortar' is a poignant satirical commentary on the corruption, intolerance, and contradictory morality at work in the catholic-capitalist society of Mexico. Mexican director, actress, playwright, performance artist, scenographer, entrepreneur, and social activist Jesusa Rodréguez has been called the most important woman of Mexico. Often referred to as a chameleon, Rodríguez moves seemingly effortlessly and with vigor across the spectrum of cultural forms, styles, and tones. Her espectáculos (as both spectacles and shows) challenge traditional classification, crossing with ease generic boundaries: from elite to popular to mass, from Greek tragedy to cabaret, from pre-Columbian indigenous to opera, from revue, sketch and carpa, to performative acts within political projects. Humor, satire, linguistic play, and the body are constants in her productions. She seeks to render corporal and, thus, visible, the tensions between the discourses in operation on and through the individual and collective body. Rodriguezs energy is intense and her commitment non-negotiable, always interrogating the nature, site, and consequences of power and its representation. Liliana Felipe, one of Latin America's foremost singers and composers, was born in Argentina in the 1950s. She left for Mexico just before the outbreak of the 'Dirty War' (1976), but her sister and brother-in-law were both 'disappeared'--victims of the military dictatorship's criminal politics. Liliana's music has a wide following in Latin America. She continues to be a powerful presence in Argentina, working with human rights organizations--especially H.I.J.O.S. (the organization of the children of the disappeared). In Mexico, Liliana went to one of Jesusa Rodríguez's performances. Jesusa, catching a glimpse of Felipe in the audience, remembers saying to herself: I am going to die with that woman. Since then, Liliana and Jesusa have created two performance spaces, El Cuervo and later El Hábito in Coyoacán, Mexico City, that they still run. They 'married' in February 2000. El Hábito (www.elhabito.com.mx) is a hotbed for intellectuals, feminists, gay rights activists and open-minded, progressive people who want to be engaged by a smart and critical humor. In this off-off space, and with the collaboration of their theater cooperative Las Divas, Jesusa y Liliana have produced hundreds of shows since the 1980s.
=540  \\$aThere are copyright restrictions on this collection. For more information, go to the online version of this video.
=651  \0$aMexico$xPolitics and government$y20th century.
=651  \0$aMexico$xReligious life and customs.
=655  \7$aPerformance.$2nyu-hidvl
=655  \7$aCabaret.$2nyu-hidvl
=655  \7$aTheater.$2nyu-hidvl
=655  \7$aSatire.$2nyu-hidvl
=655  \7$aPolitical performance.$2nyu-hidvl
=655  \7$aQueer performance.$2nyu-hidvl
=700  1\$aRodríguez, Jesusa.$4aut$4pro$4drt$4prf
=700  1\$aFelipe, Liliana.$4pro$4drt$4prf
=700  1\$aVega, Isela.$4prf
=700  1\$aJáuregui, Diego.$4prf
=700  1\$aPascual, Carlos.$4aut$4prf
=700  1\$aKóminik, Pedro.$4prf
=710  2\$aHemispheric Institute Digital Video Library.
=830  \0$aJesusa Rodríguez & Liliana Felipe : El Hábito collection.
=853  00$81$apt.
=863  50$81.1$a1$p31142042823735
=863  50$81.2$a2$p31142042823743
=856  40$uhttp://hdl.handle.net/2333.1/wwpzgn0z
=954  \\$81$aVolumes

