=LDR  03932cgm a2200673 a 4500
=001  001106682
=003  NNU
=004  NYUb12927544
=005  20090408134638.0
=006  m\\\\\\\\z\\\\\\\\
=007  vd|cvaizu
=007  vf|ciahou
=007  vd|cvaizu
=007  cr\|||||||||||
=008  040728s1998\\\\mx\011\\\\\\\\\\\\vlspa\d
=024  7\$aHI2004_040_01$2nyu-hidvl
=024  7\$aHI2004.040_01$2nyu-hidvl
=040  \\$aNNU$cNNU$eamim
=041  0\$aspa
=043  \\$an-mx---
=079  \\$a(OCoLC)85032048
=245  03$aEl derecho de abortar (video para espectáculo)$h[videorecording]
=246  31$aRight to abort (performance video inserts)
=260  \\$c1998.
=300  \\$3viewing copy.$a1 videodisc of 1 (DVD) (11 min.) :$bsd., col. ;$c4 3/4 in.
=300  \\$3master.$a1 videocassette of 1 (Digital Betacam) (11 min.) :$bsd., col. ;$c1/2 in.
=490  1\$aEl Hábito collection
=530  \\$aAlso available online as streaming video.
=546  \\$aIn Spanish.
=500  \\$aTitle supplied by Hemispheric Institute.
=500  \\$aPart of the Hemispheric Institute Digital Video Library.
=534  \\$pMedia source original:$e1 videocassette (VHS) : sd., col. ; 1/2 in.
=518  \\$aPerformed at Teatro Bar El Hábito, Mexico City, Mexico, in 1998.
=508  \\$aJesusa Rodríguez, writer, producer, director ; Liliana Felipe, producer, musical director ; Carlos Pascual, writer.
=511  1\$aJesusa Rodríguez, Liliana Felipe, Isela Vega, Diego Jáuregui, Carlos Pascual, Pedro Kóminik.
=520  \\$aMonica Lengüinsky (played by Jesusa Rodríguez) flees to Mexico during the Clinton scandal, becomes a TV writer, and produces "El Derecho de Abortar", a show that is a cross between a pastorela (Christmas play) and a telenovela (soap opera). This pastonovela features Virgin Mary and Joseph of Nazareth as two wealthy Mexicans tormented by the ambiguous sexuality of their cross-dressing son, Jesus Christ. In a failed attempt to straighten him out, they employ a prostitute ("María Magdalena" Lengüinsky), who ends up discovering that Jesus is really a hermaphrodite, that he is pregnant, and that the father of his unborn child is St. Joseph himself. When Jesus gets an abortion, Lengüinsky sees her chance to profit from the situation: she blackmails the Holy Family by threatening to go public with the truth about Jesus. Putting their own social status first (including Josephs political career as a candidate to the Mexican presidency), the Holy Family decides to sacrifice Jesus and sells Lengüinsky the copyright to all images of the crucifixion. El Derecho de Abortar is a poignant satirical commentary on the corruption, intolerance, and contradictory morality at work in the catholic-capitalist society of Mexico.
=540  \\$aThere are copyright restrictions on this collection. For more information, go to the online version of this video.
=651  \0$aMexico$xPolitics and government$y20th century.
=651  \0$aMexico$xReligious life and customs.
=655  \7$aPerformance/Performance video insert.$2nyu-hidvl
=655  \7$aCabaret.$2nyu-hidvl
=655  \7$aTheater.$2nyu-hidvl
=655  \7$aSatire.$2nyu-hidvl
=655  \7$aPolitical performance.$2nyu-hidvl
=655  \7$aQueer performance.$2nyu-hidvl
=700  1\$aRodríguez, Jesusa.$4aut$4pro$4drt$4prf
=700  1\$aFelipe, Liliana.$4pro$4drt$4prf
=700  1\$aVega, Isela.$4prf
=700  1\$aJáuregui, Diego.$4prf
=700  1\$aPascual, Carlos.$4aut$4prf
=700  1\$aKóminik, Pedro.$4prf
=710  2\$aHemispheric Institute Digital Video Library.
=830  \0$aJesusa Rodríguez & Liliana Felipe : El Hábito collection.
=856  40$uhttp://hdl.handle.net/2333.1/s4mw6mgn

