=LDR  05414cgm a2200625 a 4500
=001  001149987
=003  NNU
=004  NYUb12973213
=005  20090408134711.0
=006  m\\\\\\\\z\\\\\\\\
=007  vd\cvaizu
=007  vf\ciahou
=007  vd|cvaizu
=007  cr\|||||||||||
=008  041029s1998\\\\mx\013\\\\\\\\\\\\vlspa\d
=024  7\$aHI2004_045_01$2nyu-hidvl
=024  7\$aHI2004.045_01$2nyu-hidvl
=040  \\$aNNU$cNNU$eamim
=041  0\$aspa
=043  \\$an-mx---
=245  03$aEl hundimiento (video para espectáculo I)$h[videorecording].
=246  31$aSinkage (performance video insert I)
=260  \\$c1998.
=300  \\$3viewing copy.$a1 videodisc of 1 (DVD) (13 min.) :$bsd., col. ;$c4 3/4 in.
=300  \\$3master.$a1 videocassette of 1 (Digital Betacam) (13 min.) :$bsd., col. ;$c1/2 in.
=490  1\$aEl Hábito collection
=530  \\$aAlso available online as streaming video.
=546  \\$aIn Spanish.
=500  \\$aTitle supplied by Hemispheric Institute.
=500  \\$aPart of the Hemispheric Institute Digital Video Library.
=534  \\$pMedia source original:$e1 videocassette of 1 (VHS) ; digital sd., col. ; 1/2 in.
=518  \\$aVideo insert for performance at Teatro Bar El Hábito, Mexico City, Mexico, in 1998.
=508  \\$aJesusa Rodríguez, writer, producer, director ; Liliana Felipe, producer, musical director.
=511  1\$aJesusa Rodríguez, Liliana Felipe.
=520  \\$aVideo insert for cabaret performance 'El Hundimiento.' Leonardo Da Vinci (played by Jesusa Rodríguez), living in current Mexico City and being 600-year-old (thanks to the elixir of immortality), reads about the creation and evolution of humanity, in an attempt to counteract his loss of hope in front of society's gradual 'sinking' ('hundimiento') and widespread decadence produced by so-called 'Progress.' This is a mock version of the Genesis as forged by multinational companies, a satirical rendering of social commodification, consumerism, and excessive love for technological innovation at the expense of quality of life as evidenced in Mexico City's urban landscape. Mexican director, actress, playwright, performance artist, scenographer, entrepreneur, and social activist Jesusa Rodríguez has been called the most important woman of Mexico. Often referred to as a chameleon, Rodríguez moves seemingly effortlessly and with vigor across the spectrum of cultural forms, styles, and tones. Her espectáculos (as both spectacles and shows) challenge traditional classification, crossing with ease generic boundaries: from elite to popular to mass, from Greek tragedy to cabaret, from pre-Columbian indigenous to opera, from revue, sketch and carpa, to performative acts within political projects. Humor, satire, linguistic play, and the body are constants in her productions. She seeks to render corporal and, thus, visible, the tensions between the discourses in operation on and through the individual and collective body. Rodriguezs energy is intense and her commitment non-negotiable, always interrogating the nature, site, and consequences of power and its representation. Liliana Felipe, one of Latin America's foremost singers and composers, was born in Argentina in the 1950s. She left for Mexico just before the outbreak of the 'Dirty War' (1976), but her sister and brother-in-law were both 'disappeared'--victims of the military dictatorship's criminal politics. Liliana's music has a wide following in Latin America. She continues to be a powerful presence in Argentina, working with human rights organizations--especially H.I.J.O.S. (the organization of the children of the disappeared). In Mexico, Liliana went to one of Jesusa Rodríguez's performances. Jesusa, catching a glimpse of Felipe in the audience, remembers saying to herself: I am going to die with that woman. Since then, Liliana and Jesusa have created two performance spaces, El Cuervo and later El Hábito in Coyoacán, Mexico City, that they still run. They 'married' in February 2000. El Hábito (www.elhabito.com.mx) is a hotbed for intellectuals, feminists, gay rights activists and open-minded, progressive people who want to be engaged by a smart and critical humor. In this off-off space, and with the collaboration of their theater cooperative Las Divas, Jesusa y Liliana have produced hundreds of shows since the 1980s.
=540  \\$aThere are copyright restrictions on this collection. For more information, go to the online version of this video.
=600  00$aLeonardo,$cda Vinci,$d1452-1519.
=630  00$aTitanic (Motion picture : 1997)
=651  \0$aMexico$xPolitics and government$y20th century.
=655  \7$aPerformance/Performance video insert.$2nyu-hidvl
=655  \7$aCabaret.$2nyu-hidvl
=655  \7$aTheater.$2nyu-hidvl
=655  \7$aSatire.$2nyu-hidvl
=655  \7$aPolitical performance.$2nyu-hidvl
=655  \7$aQueer performance.$2nyu-hidvl
=700  1\$aRodríguez, Jesusa.$4aut$4pro$4drt$4prf
=700  1\$aFelipe, Liliana.$4pro$4drt$4prf
=710  2\$aHemispheric Institute Digital Video Library.
=830  \0$aJesusa Rodríguez & Liliana Felipe : El Hábito collection.
=856  40$uhttp://hdl.handle.net/2333.1/4f4qrfm5

