=LDR  04257cgm a22006375a 4500
=001  000515761
=003  NNU
=004  NYUb13504712
=005  20071210173431.0
=006  m\\\\\\\\z\\\\\\\\
=007  vd\cvaizu
=007  vf\ciahou
=007  cr\cna
=007  cr\|||||||||||
=008  070612e19981205nyu053\\\\\\\\\\\\vleng\d
=024  7\$aHI2007_046_01$2nyu-hidvl
=024  7\$aHI2007.046_01$2nyu-hidvl
=035  \\$a(NYU)NYUb13504712
=040  \\$aNNU$cNNU$eamim
=245  00$aMenopausal gentleman$h[videorecording].
=260  \\$c1998 Dec. 5.
=300  \\$3master.$a1 videocassette of 1 (Digital Betacam) (53 min.) :$bsd., col. ;$c1/2 in.
=300  \\$3viewing copy.$a1 videodisc of 1 (DVD) (53 min.) :$bsd., col. ;$c4 3/4 in.
=490  1\$aSplit Britches video collection
=530  \\$aAlso available online as streaming video.
=500  \\$aTitle supplied by Hemispheric Institute.
=500  \\$aPart of the Hemispheric Institute Digital Video Library.
=534  \\$pMedia source original:$e1 videocassette of 1 (Mini DV) : sd., col. ; 1/4 in. SP.$mSony DVM60 ME.
=518  \\$aPerformed at Hallwalls Contemporary Arts Center, Buffalo, New York, on Dec. 5, 1998.
=508  \\$aSplit Britches, producer ; Rebecca Taichman, director ; Peggy Shaw, writer.
=511  1\$aPeggy Shaw.
=520  \\$aSince 1981, the Split Britches Company (founded by Lois Weaver, Peggy Shaw, and Deb Margolin, www.splitbritches.com) has written and performed in trio, duet, and solo, as well as collaborated and performed with other artists. They describe their work in this way: 'Our work is rooted in popular culture, but positioned against it. It relies on moments rather than plot, relationships rather than story. It depends on the surprise of transformation rather than the logic of psychological narrative. It straddles the line between performance and theater, exploiting theatricality while exposing the pretense. It is about a community of outsiders, queers, eccentrics. It is feminist because it encourages the imaginative potential in everyone and lesbian because it takes the presence of lesbian on stage as a given.' Their vaudevillian satirical gender-bending performances have received numerous awards, including a Jane Chamber award and four Village Voice OBIE awards. Their collection of scripts, 'Split Britches Feminist Performance/Lesbian Practice', edited by Sue Ellen Case, won the 1997 Lambda Literary Award for Drama. This video documents their show 'Menopausal Gentleman', Peggy Shaw's bluesy, pseudo-stream-of-consciousness lounge act about a butch lesbian going through 'the change'. An Obie-winning, tour de force one-woman show about a menopausal body and the fires of its ageless heart, Peggy Shaw's 'Menopausal Gentleman' is a revelation. Shaw riffs on the hormonal effects of menopause complete with hot flashes, cold sweats, humor and tears, penetrating and perpetuating the mystery in an unlikely persona. She is a tough-speaking film-noir soul performed in Shaw's trademark drag patois (a self-conscious and artificially low New Yorkese), or to put it simply: a tough guy in a swell suit!
=540  \\$aThere are copyright restrictions on this collection. For more information, go to the online version of this video.
=650  \0$aLesbian theater.
=650  \0$aFeminist theater.
=650  \0$aLesbian feminism.
=650  \0$aMenopause$vDrama.
=655  \7$aPerformance.$2nyu-hidvl
=655  \7$aTheater.$2nyu-hidvl
=655  \7$aLesbian theater.$2nyu-hidvl
=655  \7$aFeminist theater.$2nyu-hidvl
=655  \7$aOne-woman show.$2nyu-hidvl
=655  \7$aPerformances (entertainment events).$2aat
=655  \7$aPerformance art.$2aat
=655  \7$aTheater (discipline).$2aat
=655  \0$aOne-person shows (Performing arts)
=700  1\$aTaichman, Rebecca.$4drt
=700  1\$aShaw, Peggy.$4aut$4prf
=710  2\$aSplit Britches (Theatre company)$4pro
=710  2\$aHemispheric Institute Digital Video Library.
=830  \0$aSplit Britches video collection.
=856  40$uhttp://hdl.handle.net/2333.1/t1g1jx4s

