=LDR  04824cgm a2200733 a 4500
=001  000539541
=003  NNU
=004  NYUb13530649
=005  20090409123104.0
=006  m\\\\\\\\z\\\\\\\\
=007  vd\cvaizu
=007  vf\ciahou
=007  cr\cna
=007  cr\|||||||||||
=008  070508s1998\\\\cau123\\\\\\\\\\\\vleng\d
=024  7\$aHI2007_061_01$2nyu-hidvl
=024  7\$aHI2007_062_01$2nyu-hidvl
=024  7\$aHI2007_063_01$2nyu-hidvl
=024  7\$aHI2007.061_01$2nyu-hidvl
=040  \\$aNNU$cNNU$eamim
=041  0\$aeng$aspa
=043  \\$an-us-ca
=245  00$aBandido!$h[videorecording]
=260  \\$c1998.
=300  \\$3master.$a3 videocassettes of 3 (Digital Betacam) (123 min.) :$bsd., col. ;$c1/2 in.
=300  \\$3viewing copy.$a3 videodiscs of 3 (DVD) (123 min. ; pt.1, 55 min. ; pt.2, 41 min. ; pt.3, 27 min.) :$bsd., col. ;$c4 3/4 in.
=490  1\$aEl Teatro Campesino collection
=530  \\$aAlso available online as streaming video.
=546  \\$aIn English, with some Spanish.
=500  \\$aTitle supplied by Hemispheric Institute.
=500  \\$aPart of the Hemispheric Institute Digital Video Library.
=534  \\$pMedia source original:$e3 videocassettes of 3 (VHS) : sd., col. ; 1/2 in. SP.$mPanasonic DVM60.
=518  \\$aPerformed at El Teatro Campesino Playhouse, San Juan Bautista, California, in 1998.
=508  \\$aEl Teatro Campesino, producer; Luis Valdez, director, writer; Daniel Valdez, musical director.
=511  1\$aKinan Valdez, Tom Pintello, Olga Lydia Urbano, Lakin Valdez, Sandra Longoria, Cesar Flores, Seth Millwood, Anahuac Valdez, Jeremiah Martinez, Luis Juarez.
=520  \\$aFounded in 1965 by Luis Valdez, El Teatro Campesino was initially the cultural wing of the United Farm Workers union in California's central valley. With a pointed political mission, ETC performed their actos in the fields, agitprop improvisations communicated eloquently with the workers, who could neither read nor write, but recognized themselves and their values in the actos. By 1970 ETC had gained an international reputation, with major contributions to Chicano culture in the U.S. and to the development and expansion of the boundaries of theater everywhere. Theirs is a popular theater rooted in the American streets, early California history, Mayan/Aztec mythology and Mexican folklore and spiritualism, all geared toward expression of social, political and cultural perceptions. Bandido! deals with the life and times, and subsequent death of Tiburcio Vasquez, the last of the Mexican California resistance fighters. Written in 1979/1980, 'Bandido!' was first staged by ETC in 1982, as part of a celebration of 19th Century history in San Juan Bautista, where Vasquez himself lived from 1863-1865. The events of the play cover the last desperate robbery by Vasquez and his followers in Tres Pinos, CA and their pursuit by lawmen and their posses across the state all the way to Los Angeles, where the notorious bandit was wounded and captured. His notoriety inspired an impresario to stage the capture of Vasquez in an instant melodrama, which was a big hit in an LA theater, while the bandit was behind bars in the city jail. As a bilingual poet and 'ladies man', Vasquez had all the makings of a matinée idol and despite the unsavory nature of his crimes he was visited by women until the end. Playwright Luis Valdez thought the layering of melodrama upon melodrama was suitable material for a play that questions the 'manifest destiny of the Old West' while mocking the melodramatic excesses of the period.
=540  \\$aThere are copyright restrictions on this collection. For more information, go to the online version of this video.
=600  10$aVasquez, Tiburcio,$d1835-1875.
=650  \0$aBrigands and robbers$zCalifornia$y19th century$vDrama.
=650  \0$aOutlaws$zCalifornia$y19th century$vDrama.
=650  \0$aMexican American theater.
=653  \\$aBandits
=653  \\$aMelodrama
=653  \\$aTheater with music
=653  \\$aChicano theater
=655  \7$aPerformances (entertainment events).$2aat
=655  \7$aPerformance art.$2aat
=655  \7$aTheater (discipline).$2aat
=700  1\$aValdez, Luis.$4drt$4aut
=700  1\$aValdez, Daniel,$d1949-
=710  2\$aTeatro Campesino (Organization)
=710  2\$aHemispheric Institute Digital Video Library.
=830  \3$aEl Teatro Campesino collection.
=856  40$uhttp://hdl.handle.net/2333.1/tqjq2c6w
=853  00$81$apt.
=863  50$81.1$a1$p31142042580285
=863  50$81.2$a2$p31142042580293
=863  50$81.3$a3$p31142042580301
=954  \\$81$aVolumes

