=LDR  03797cgm a2200625 a 4500
=001  000539507
=003  NNU
=004  NYUb13530613
=005  20071210173431.0
=006  m\\\\\\\\z\\\\\\\\
=007  vd\cvaizu
=007  vf\ciahou
=007  cr\cna
=007  cr\|||||||||||
=008  070508e199806uunyu074\\\\\\\\\\\\vleng\d
=024  7\$aHI2007_058_01$2nyu-hidvl
=024  7\$aHI2007.058_01$2nyu-hidvl
=035  \\$a(NYU)NYUb13530613
=040  \\$aNNU$cNNU$eamim
=245  00$aLittle women$h[videorecording]
=246  3\$aLittle women (June 1998)
=260  \\$c1998 June.
=300  \\$3master.$a1 videocassette of 1 (Digital Betacam) (74 min.) :$bsd., col. ;$c1/2 in.
=300  \\$3viewing copy.$a1 videodisc of 1 (DVD) (74 min.) :$bsd., col. ;$c4 3/4 in.
=490  1\$aSplit Britches video collection
=530  \\$aAlso available online as streaming video.
=500  \\$aTitle supplied by Hemispheric Institute.
=500  \\$aPart of the Hemispheric Institute Digital Video Library.
=534  \\$pMedia source original:$e1 videocassette of 1 (VHS) : sd., col. ; 1/2 in. SP.$mSony T120 ES-HG.
=518  \\$aPerformed at WOW Café Theatre, New York City, in June 1998.
=508  \\$aSplit Britches, producer ; Lois Weaver, director, writer ; Peggy Shaw, Deb Margolin, writers ; Joni Wong, dramaturg, set & lighting design ; Peggy Shaw, set design ; Susan Young, costume design.
=511  1\$aLois Weaver, Peggy Shaw, Deb Margolin.
=520  \\$aSince 1981, the Split Britches Company (founded by Lois Weaver, Peggy Shaw, and Deb Margolin) has written and performed in trio, duet, and solo, as well as collaborated and performed with other artists. They describe their work in this way: 'Our work is rooted in popular culture, but positioned against it. It relies on moments rather than plot, relationships rather than story. It depends on the surprise of transformation rather than the logic of psychological narrative. It straddles the line between performance and theater, exploiting theatricality while exposing the pretense. It is about a community of outsiders, queers, eccentrics. It is feminist because it encourages the imaginative potential in everyone and lesbian because it takes the presence of lesbian on stage as a given.' Their vaudevillian satirical gender-bending performances have received numerous awards, including a Jane Chamber award and four Village Voice OBIE awards. This video documents the first version of their show Little Women: The Tragedy. Here performed as a work-in-progress, the piece tackles complex issues of pornography and feminism through the humor of only two possibilities: heaven or hell, preacher or prostitute, and the left hand and right hand of Louisa May Alcott.
=540  \\$aThere are copyright restrictions on this collection. For more information, go to the online version of this video.
=600  10$aAlcott, Louisa May,$d1832-1888.$tLittle women.
=650  \0$aPornography$xCensorship.
=650  \0$aCensorship.
=655  \7$aPerformance.$2nyu-hidvl
=655  \7$aTheater.$2nyu-hidvl
=655  \7$aLesbian theater.$2nyu-hidvl
=655  \7$aFeminist theater.$2nyu-hidvl
=655  \7$aWork-in-progress.$2nyu-hidvl
=700  1\$aWeaver, Lois.$4drt$4aut$4prf
=700  1\$aShaw, Peggy.$4aut$4prf$4std
=700  1\$aMargolin, Deb.$4aut$4prf
=700  1\$aWong, Joni.$4std$4lgd
=700  1\$aYoung, Susan.$4cst
=710  2\$aSplit Britches (Theatre company)$4pro
=710  2\$aHemispheric Institute Digital Video Library.
=830  \0$aSplit Britches video collection.
=856  40$uhttp://hdl.handle.net/2333.1/6wwpzgwf

