=LDR  03381cgm  22006375a 4500
=001  000509387
=003  NNU
=004  NYUb13497599
=005  20080225184443.0
=006  m\\\\\\\\z\\\\\\\\
=007  vd\cvaizu
=007  vf\ciahou
=007  cr\cna
=007  cr\|||||||||||
=008  070516s1998\\\\mx\041\\\\\\\\\\\\vlspa\d
=024  7\$aHI2006_100_01$2nyu-hidvl
=024  7\$aHI2006.100_01$2nyu-hidvl
=040  \\$aNNU$cNNU$eamim
=041  0\$aspa
=043  \\$an-mx---
=245  00$aVíctimas del engaño$h[videorecording].
=260  \\$c1998.
=300  \\$a1 videocassette of 1 (Digital Betacam) (41 min.) :$bsd., col. ;$c1/2 in.$3master.
=300  \\$a1 videodisc of 1 (DVD) (41 min.) :$bsd., col. ;$c4 3/4 in.$3viewing copy.
=490  1\$aFOMMA video collection
=530  \\$aAlso available online as streaming video.
=546  \\$aIn Spanish.
=500  \\$aTitle supplied by Hemispheric Institute.
=500  \\$aPart of the Hemispheric Institute Digital Video Library.
=534  \\$pMedia source original:$e1 videocassette of 1 (VHS) : sd., col. ; 1/2 in. SP.$mNot specified.
=518  \\$aPerformed at Casa FOMMA, San Cristóbal de las Casas, Chiapas, Mexico, in 1998.
=508  \\$aFortaleza de la Mujer Maya (FOMMA), producer, writer.
=511  1\$aIsabel Juárez Espinosa, Petrona de la Cruz Cruz, María Pérez Sántiz, María Francisca Oseguera Cruz, Faustina López Díaz.
=520  \\$aFOMMA - Fortaleza de la Mujer Maya - is a collective of Mayan women who use theater as a tool for education and community building. They are performers, playwrights, and teachers who tour their work in their communities and internationally, performing plays that focus on women's and indigenous rights, literacy, cultural survival, ecology, health, and education in the Tzeltal and Tzotzil indigenous languages. 'Víctimas del engaño' deals with the issue of domestic migration and the challenges experienced by a man from a small town who, despite the fact that his wife does not follow him, decides to try his luck in the city. The play narrates the hard life of this man in the city, where people are involved in fraud but also where he is helped by strangers. He finally meets a woman and commits to her, denying the existence of his former wife; he finds comfort in his new family and even builds a successful business.
=540  \\$aThere are copyright restrictions on this collection. For more information, go to the online version of this video.
=650  \0$aTheater$zMexico.
=650  \0$aMigration, Internal.
=650  \0$aInternally displaced persons.
=650  \0$aRefugees.
=653  \\$aDisplacement
=653  \\$aCommunity organizing
=655  \7$aPerformance.$2nyu-hidvl
=655  \7$aTheater.$2nyu-hidvl
=655  \7$aCommunity theater.$2nyu-hidvl
=655  \7$aIndigenous theater.$2nyu-hidvl
=655  \7$aNative women's theater.$2nyu-hidvl
=655  \7$aMexican theater.$2nyu-hidvl
=710  2\$aFortaleza de la Mujer Maya (Organization)$4pro$4aut
=710  2\$aHemispheric Institute Digital Video Library.
=830  \0$aFOMMA video collection.
=856  40$uhttp://hdl.handle.net/2333.1/cfxpnw5p

