=LDR  04115cgm  2200661 a 4500
=001  000564347
=003  NNU
=004  NYUb13557443
=005  20080408164012.0
=006  m\\\\\\\\z\\\\\\\\
=007  vd\cvaizu
=007  vf\ciahou
=007  cr\cna
=007  cr\|||||||||||
=008  071127e19980321nyu074\\\\\\\\\\\\vleng\d
=024  7\$aHI2005_060_01$2nyu-hidvl
=024  7\$aHI2005.060_01$2nyu-hidvl
=035  \\$a(NYU)NYUb13557443
=040  \\$aNNU$cNNU$eamim
=043  \\$as-ec---
=245  00$aSacha huarmi$h[videorecording]
=246  3\$aQuichua del Oriente & Shuar Peoples of the Ecuador Amazon present Sacha Huarmi
=260  \\$c1998 Mar. 21.
=300  \\$a1 videocassette of 1 (Digital Betacam) (74 min.) :$bsd., col. ;$c1/2 in.$3master.
=300  \\$a1 videodisc of 1 (DVD) (74 min.) :$bsd., col. ;$c4 3/4 in.$3viewing copy.
=490  1\$aAmerican Indian Community House collection
=530  \\$aAlso available online as streaming video.
=500  \\$aTitle supplied by Hemispheric Institute.
=500  \\$aPart of the Hemispheric Institute Digital Video Library.
=534  \\$pMedia source original:$e1 videocassette of 1 (VHS) : analog sd., col. ; 1/2 in.
=518  \\$aPerformed at The American Indian Community House, New York City, on Mar. 21, 1998.
=508  \\$aAmerican Indian Community House, producer ; Quichua del Oriente & Shuar Peoples of the Ecuador Amazon, creators.
=511  0\$aQuichua del Oriente & Shuar Peoples of the Ecuador Amazon, performers.
=520  \\$aThe Quichua del Oriente & Shuar Peoples of the Ecuador Amazon present Sacha Huarmi, a performance of traditional Indigenous music and dance. The American Indian Community House (AICH) is an urban Indian center that services the needs of the Native people living in New York City and welcomes Native visitors to the city. AICH was founded in 1969 and has become a de facto neighborhood serving as a meeting place for the diverse Native community of the New York City area. The Community House offers a variety of services ranging from substance abuse and HIV counseling, to career assistance. It is also home to the only Indian owned and operated art gallery in New York City. The AICHs Performing Arts Department has become an important resource for Native visual and performance artists. Through its programming, performance has become an important educational vehicle, both for the Native and non-Native NY community. The Badger's Corner, initiated in the 1980s, is an education-via-entertainment vehicle for the AICHs visual and performing arts department programs. Taking its name from the Pueblo legend of the four-legged creature who led the Pueblo people out of the underworld after the great flood, the intent of its programming is to inform and challenge people to rethink their concept(s) of Native American people and customs. All performances at AICH are presented under the auspices of the Badgers Corner.
=540  \\$aThere are copyright restrictions on this collection. For more information, go to the online version of this video.
=650  \0$aQuechua Indians.
=650  \0$aQuechua Indians$vMusic.
=650  \0$aQuechua dance.
=650  \0$aShuar Indians.
=650  \0$aShuar Indians$vMusic.
=650  \0$aShuar dance.
=650  \0$aIndigenous peoples$zEcuador.
=650  \0$aIndigenous peoples$zEcuador$vMusic.
=653  \\$aIndigenous peoples$aEcuador$aMusic
=655  \7$aPerformance.$2nyu-hidvl
=655  \7$aNative dance.$2nyu-hidvl
=655  \7$aNative music.$2nyu-hidvl
=655  \7$aQuichua music and dance.$2nyu-hidvl
=655  \7$aShuar music and dance.$2nyu-hidvl
=655  \7$aIndigenous performance Ecuador.$2nyu-hidvl
=710  2\$aAmerican Indian Community House (New York, N.Y.)$4pro
=710  2\$aHemispheric Institute Digital Video Library.
=830  \0$aAmerican Indian Community House collection.
=856  40$uhttp://hdl.handle.net/2333.1/47d7wm8z

