=LDR  03875cgm a2200445 a 4500
=001  003807591
=005  20140421221915.0
=006  m\\\\\\\\c\\\\\\\\
=007  cr\cna|||m|||a
=007  cr\|||||||||||
=008  130822e199806uumau072\\\\\\\\s\\\vlmul\d
=024  7\$aHI2012_038_01$2nyu-hidvl
=040  \\$aNNU$beng$cNNU
=041  0\$amul
=245  00$aLooking in/to the future (final dress)$h[videorecording] /$cNew WORLD Theater, producer.
=260  \\$c1998 June.
=300  \\$3viewing copy.$astreaming video (71 min., 22 sec.) :$bsd., col.
=490  1\$aNew WORLD Theater collection
=546  \\$aIncludes multiple languages.
=500  \\$aTitle supplied by Hemispheric Institute.
=500  \\$aPart of the Hemispheric Institute Digital Video Library.
=518  \\$aPerformed in Amherst, Massachusetts, in June, 1998.
=508  \\$aA. Montali, videographer.
=511  1\$aYoung people in the Khmer, Vietnamese, Latina/o, and African-American communities surrounding Amherst, Massachusetts, performers.
=520  \\$aIn ‘Looking In/To The Future,’ the New WORLD Theater worked with young people in the Khmer, Vietnamese, Latina/o, and African-American communities surrounding Amherst, Massachusetts to help them define their cultural identities through writing and theatre activities. In this final presentation of a workshop, the characters discuss their hopes for the future and their family’s expectations of themselves. Among different cultural backgrounds, Cambodia is often referenced, and each of the characters discusses what they want to do with their future. They have dreams, as any kid, of being a writer, an engineer, a soccer player, or a scientist; but they are aware their ethnic identities will be part in the process, and that some of them can be struggling with their national identity. By the end of the play, in spite of all their fears, the young performers’ chant say ‘We are going, Heaven knows where we are going ... We will get there, Heaven knows how we will get there, but we know we will.’
=520  \\$aFrom 1979-2009, the New WORLD Theater worked at the intersection of artistic practice, community engagement, scholarship, and activism toward a vision of a ‘new world’ - one that broke the confines of multiculturalism and was an artistic harbinger of America’s shifting demographics. From a geographic ‘outpost’ in New England, New WORLD Theater evolved from a community organizing project and the Northeast point on a theater touring compass, to a protective studio to hone new work, a site of international intersections from South Africa to the South Bronx, and the home of inspired and rigorous collaborations with Western Massachusetts youth. New performance work development at New WORLD defied the conventional theater play lab as ghetto for artists of color; artists were met where they wanted to be in the imagining of new approaches, methods, and production. One of New WORLD Theater’s artistic legacies is Project 2050, an early call to imagine the U.S. demographic shift, with people of the future - youth, in equal collaboration with artists and scholars.
=534  \\$pMedia source original:$e1 videocassette of 1 (VHS) : sd., col. ; 1/2 in. SP.$mMaxell
=540  \\$aThere are copyright restrictions on this collection. For more information, go to the online version of this video.
=650  \0$aYouth$xEthnic identity.
=650  \0$aYouth$xAttitudes
=650  \0$aYouth$vCross-cultural studies.
=650  \0$aYouth in development.
=650  \0$aMulticulturalism.
=650  \0$aIdentity politics.
=655  \7$aPerformance.$2nyu-hidvl
=710  2\$aNew WORLD Theater.$4pro
=710  2\$aHemispheric Institute Digital Video Library.
=830  \0$aNew WORLD Theater collection.
=856  40$uhttp://hdl.handle.net/2333.1/fqz6149s

