=LDR  04265ngm a2200457   4500
=001  004192172
=005  20151002141753.0
=006  m\\\\\\\\c\\\\\\\\
=007  cr\cna|||m|||a
=007  cr\|||||||||||
=008  151002s1998\\\\xx\116\\\\\\\\s\\\vleng\d
=024  7\$aHI2014_135_01$2nyu-hidvl
=040  \\$aNNU$beng$cNNU
=041  0\$aeng$aspa
=245  00$aFranklin Furnace at Pseudo Programs, Inc.$h[videorecording].
=260  \\$c1998.
=300  \\$3viewing copy.$astreaming video (115 min., 29 sec.) :$bsd., col.
=490  1\$aFranklin Furnace : performance and politics collection
=500  \\$aTitle supplied by the Hemispheric Institute.
=500  \\$aPart of the Hemispheric Institute Digital Video Library.
=508  \\$aAlexander Walsh, video editor.
=511  1\$aHalona Hilbertz, Bingo Gazingo, Patricia Hoffbauer, Jon Keith, Jason E. Bowman, Kali Lela Colton, Nora York & Nancy Spero, Anna Mosby Coleman, Lenora Champagne, and Alvin Eng & Yoav Gal, performers.
=518  \\$aPerformed on the World Wide Web on The Performance Channel (www.channelp.com) on Pseudo Programs, Inc. in 1998.
=520  \\$aFranklin Furnace at Pseudo Programs, Inc. marked the first season of Franklin Furnace's collaboration with Pseudo Online Network. Franklin Furnace’s decision to move from a physical space to a virtual one was prompted by the impact of the culture wars on artistic freedom in the United States. Despite the effort to maintain other physical spaces in Downtown New York, Franklin Furnace’s board determined that access to freedom of expression and a broader audience for emerging artists through new media would be the prime focus of the arts organization. The virtual turn for Franklin Furnace was a radical move that marked the organization’s shift from exhibiting avant-garde work in physical spaces to online realms. Through this gesture, Franklin Furnace investigated the democratic landscape of the Internet as a censorship free space to present political art. Featured presenters in this video recording of the live netcast on The Performance Channel (www.channelp.com) via Pseudo Programs, Inc. include Halona Hilbertz, Bingo Gazingo, Patricia Hoffbauer, Jon Keith, Jason E. Bowman, Kali Lela Colton, Nora York, Anna Mosby Coleman, Lenora Champagne, and Alvin Eng with Yoav Gal.
=520  \\$aFranklin Furnace was founded in 1976 by artist Martha Wilson to champion ephemeral forms neglected by mainstream arts institutions. Franklin Furnace’s mission is to present, preserve, interpret, proselytize and advocate on behalf of avant-garde art, especially forms that may be vulnerable due to institutional neglect, their ephemeral nature, or politically unpopular content. The organization is dedicated to serving artists by providing both physical and virtual venues for the presentation of time-based visual art, including but not limited to artists’ books, installation art, performance art, and unforeseen contemporary avant-garde art forms; and to undertake other activities related to these purposes. Franklin Furnace is committed to serving emerging artists; to assuming an aggressive pedagogical stance with regard to the value of avant-garde art to life; and to fostering artists’ zeal to broadcast ideas. The organization has developed a place in art history for artists’ books, temporary installation art, and performance art. www.franklinfurnace.org
=534  \\$pMedia source original:$e1 videocassette (VHS) : sd., col. ; 1/2 in. SP.$mSony T-120PR
=540  \\$aThere are copyright restrictions on this collection. For more information, go to the online version of this video.
=546  \\$aIn English and Spanish.
=610  20$aFranklin Furnace (Archive)$xHistory.
=650  \0$aWebcasting.
=650  \0$aArts$xCensorship
=650  \0$aCulture conflict.
=655  \7$aOnline presentation.$2nyu-hidvl
=655  \7$aVisual art performance$2nyu-hidvl
=655  \7$aPerformance art$2nyu-hidvl
=655  \7$aTheater$2nyu-hidvl
=710  2\$aFranklin Furnace (Archive)
=710  2\$aHemispheric Institute Digital Video Library.
=830  \0$aFranklin Furnace : performance and politics collection.
=856  40$uhttp://hdl.handle.net/2333.1/95x69rkg

