=LDR  03708cgm a22006255a 4500
=001  000508855
=003  NNU
=004  NYUb13497028
=005  20080222143519.0
=006  m\\\\\\\\z\\\\\\\\
=007  vd\cvaizu
=007  vf\ciahou
=007  cr\cna
=007  cr\|||||||||||
=008  070515e19990807ck\060\\\\\\\\\\\\vlspa\d
=024  7\$aHI2006_084_01$2nyu-hidvl
=024  7\$aHI2006.084_01$2nyu-hidvl
=040  \\$aNNU$cNNU$eamim
=041  0\$aspa
=043  \\$as-ck---
=245  00$aInterview with Patricia Ariza$h[videorecording].
=246  3\$aInterview with Patricia Ariza (Teatro La Candelaria)
=246  30$aPatricia Ariza
=260  \\$c1999 Aug. 7.
=300  \\$3master.$a1 videocassette of 1 (Digital Betacam) (60 min.) :$bsd., col. ;$c1/2 in.
=300  \\$3viewing copy.$a1 videodisc of 1 (DVD) (60 min.) :$bsd., col. ;$c4 3/4 in.
=490  1\$aTeatros de Colombia, 1999 collection
=530  \\$aAlso available online as streaming video.
=546  \\$aIn Spanish.
=500  \\$aTitle supplied by Hemispheric Institute.
=500  \\$aPart of the Hemispheric Institute Digital Video Library.
=534  \\$pMedia source original:$e1 videocassette of 1 (Mini DV) : sd., col. ; 1/4 in. SP.$mPanasonic DVM60.
=518  \\$aInterviewed in Bogota, Colombia, on Aug. 7, 1999.
=508  \\$aAlma Martinez, producer, creator, videographer.
=511  0\$aPatricia Ariza, interviewee ; Alma Martinez, interviewer.
=520  \\$aInterview with Patricia Ariza, theater director, playwright and founder of renowned Colombian theater ensemble Teatro La Candelaria (www.teatrolacandelaria.org.co), conducted by Chicano theater scholar Alma Martinez. 'Creación colectiva' (collective creation), political theater, feminism, and current Colombian sociopolitical and cultural issues are some of the topics covered by Ariza. The artist talks about her role in the creation and trajectory of La Candelaria as well as the joint effort of this ensemble and the Teatro Experimental de Cali (TEC) to create the Corporación Colombiana de Teatro as a mechanism to facilitate a theoretical and practical forum for the discussion, organization, and support of Colombian theater. Furthermore, Patricia comments on her activist and artistic work with marginalized sectors of the Colombian population (women, indigenous people, immigrants, prisoners, etc.), developing interdisciplinary artistic projects designed to empower these communities, exploring the possibilities of collective creation in order to elicit social change. Ariza also discusses the cultural ties and political affinities between Latin American and Latino theaters in the light of shared hemispheric issues like drug traffic, guerrilla warfare, political corruption, immigration, and globalization.
=540  \\$aThere are copyright restrictions on this collection. For more information, go to the online version of this video.
=600  10$aAriza, Patricia$vInterviews.
=610  20$aGrupo La Candelaria.
=650  \0$aWomen in the theater.
=650  \0$aTheater$zColombia.
=650  \0$aWomen theatrical producers and directors$zColombia.
=650  \0$aWomen dramatists$zColombia.
=653  \\$aChicano theater
=655  \7$aInterview.$2nyu-hidvl
=700  1\$aAriza, Patricia.$4ive
=700  1\$aMartinez, Alma.$4pro$4cre$4vdg$4ivr
=710  2\$aHemispheric Institute Digital Video Library.
=830  \0$aTeatros de Colombia, 1999 collection.
=856  40$uhttp://hdl.handle.net/2333.1/k3j9kdd0

