=LDR  03831cgm a22006855a 4500
=001  000509089
=003  NNU
=004  NYUb13497276
=005  20080306122116.0
=006  m\\\\\\\\z\\\\\\\\
=007  vd\cvaizu
=007  vf\ciahou
=007  cr\cna
=007  \\vd
=007  cr\|||||||||||
=008  070515e19990817ck\068\\\\\\\\\\\\vlspa\d
=024  7\$aHI2006_089_01$2nyu-hidvl
=024  7\$aHI2006_090_01$2nyu-hidvl
=024  7\$aHI2006.089_01$2nyu-hidvl
=040  \\$aNNU$cNNU$eamim
=041  0\$aspa
=043  \\$as-ck---
=245  00$aInterview with Lucy Bolaños$h[videorecording].
=246  3\$aInterview with Lucy Bolaños (Teatro La Máscara)
=246  30$aLucy Bolaños
=260  \\$c1999 Aug. 17.
=300  \\$3master.$a2 videocassettes of 2 (Digital Betacam) (68 min.) :$bsd., col. ;$c1/2 in.
=300  \\$3viewing copy.$a2 videodiscs of 2 (DVD) (68 min. : pt.1, 51 min. ; pt.2, 17 min.) :$bsd., col. ;$c4 3/4 in.
=490  1\$aTeatros de Colombia, 1999 collection
=530  \\$aAlso available online as streaming video.
=546  \\$aIn Spanish.
=500  \\$aTitle supplied by Hemispheric Institute.
=500  \\$aPart of the Hemispheric Institute Digital Video Library.
=534  \\$pMedia source original:$e2 videocassettes of 2 (Mini DV) : sd., col. ; 1/4 in. SP.$mSony DVM60.
=518  \\$aInterviewed in Cali, Colombia, on Aug. 17, 1999.
=508  \\$aAlma Martinez, producer, creator, videographer.
=511  0\$aLucy Bolaños, interviewee ; Alma Martinez, interviewer.
=520  \\$aInterview with Lucy Bolaños, theater director and founder of Colombian all-women's theater ensemble La Máscara, conducted by Chicano theater scholar Alma Martinez. In this interview, Bolaños talks about her life in theater, her participation as a member of the Teatro Experimental de Cali (TEC), and her foundation of La Máscara in 1972 as an ensemble committed to the exploration and denunciation of women's issues in Colombia. Under the rubric of 'the personal is political', La Máscara aspires to be a tool for historical change through social engagement; in this line, Bolaños and her ensemble work with marginalized populations (women, youth), give workshops, teach, and collectively create plays addressing issues of sexuality, domestic violence, homophobia, machismo, political violence, etc. Collaboration is a key strategy throughout their artistic trajectory, having worked with other renowned women in Colombian theater (such as Patricia Ariza and Jacqueline Vidal) and with the international network of women in contemporary theater and performance The Magdalena Project, among others. Furthermore, Bolaños comments on the aesthetic and political points of contact between Colombian and Chicano theaters, and talks about several plays in La Máscara's repertoire.
=540  \\$aThere are copyright restrictions on this collection. For more information, go to the online version of this video.
=600  10$aBolaños, Lucy$vInterviews.
=610  20$aTeatro La Máscara (Cali, Colombia)
=650  \0$aTheater$zColombia.
=650  \0$aWomen in the theater.
=650  \0$aWomen theatrical producers and directors$zColombia.
=653  \\$aChicano theater
=655  \7$aInterview.$2nyu-hidvl
=700  1\$aBolaños, Lucy.$4ive
=700  1\$aMartinez, Alma.$4pro$4cre$4vdg$4ivr
=710  2\$aHemispheric Institute Digital Video Library.
=830  \0$aTeatros de Colombia, 1999 collection.
=853  00$81$apt.
=863  50$81.1$a1$p31142045835637
=863  50$81.2$a2$p31142045835488
=856  40$uhttp://hdl.handle.net/2333.1/dfn2z3dw
=954  \\$81$aVolumes

