=LDR  04255cgm a22007215a 4500
=001  000507108
=003  NNU
=004  NYUb13495159
=005  20090416101454.0
=006  m\\\\\\\\z\\\\\\\\
=007  vd\cvaizu
=007  vf\ciahou
=007  cr\cna
=007  \\vd
=007  cr\|||||||||||
=008  070509e19990811ck\182\\\\\\\\\\\\vlspa\d
=024  7\$aHI2006_073_01$2nyu-hidvl
=024  7\$aHI2006_074_01$2nyu-hidvl
=024  7\$aHI2006_075_01$2nyu-hidvl
=024  7\$aHI2006.073_01$2nyu-hidvl
=040  \\$aNNU$cNNU$eamim
=041  0\$aspa
=043  \\$as-ck---
=079  \\$a(OCoLC)878606548
=245  00$aInterview with Enrique Buenaventura$h[videorecording]
=246  3\$aInterview with Enrique Buenaventura (Teatro Experimental de Cali)
=246  30$aEnrique Buenaventura
=260  \\$c1999 Aug. 11, 17.
=300  \\$3viewing copy.$a3 videodiscs of 3 (DVD) (182 min. : pt.1, 60 min. ; pt.2, 60 min. ; pt.3, 62 min.) :$bsd., col. ;$c4 3/4 in.
=300  \\$3master.$a3 videocassettes of 3 (Digital Betacam) (182 min.) :$bsd., col. ;$c1/2 in.
=490  1\$aTeatros de Colombia, 1999 collection
=530  \\$aAlso available online as streaming video.
=546  \\$aIn Spanish.
=500  \\$aTitle supplied by Hemispheric Institute.
=500  \\$aPart of the Hemispheric Institute Digital Video Library.
=534  \\$pMedia source original:$e3 videocassettes of 3 (Mini DV) : sd., col. ; 1/4 in. SP.$mSony DVM60.
=518  \\$aInterviewed in Cali, Colombia, on Aug. 11 (part 1) and Aug. 17 (parts 2 and 3), 1999.
=508  \\$aAlma Martinez, producer, creator, videographer.
=511  0\$aEnrique Buenaventura, interviewee ; Alma Martinez, interviewer ; Lisímaco Núñez, participant.
=520  \\$aInterview with renowned Colombian theater director, theorist and playwright Enrique Buenaventura, founder of the Teatro Experimental de Cali (TEC), conducted by Chicano theater scholar Alma Martinez. In this extensive interview, Buenaventura discusses key topics germane to his artistic work, narrating his first experiences in theater and literature, the influences and lessons of his many travels (especially to France and throughout Latin America), his personal and professional relationship with theater director Jacqueline Vidal, and the history and situation of Colombian theater, and its culture in general, in the context of the country's economic crisis, issues of censorship, and political struggle. A prolific playwright and theater director, Buenaventura discusses his most influential contribution to Latin American experimental theater, 'creación colectiva' ('collective creation'); he also comments on the trajectory of the TEC, one of the most important Latin American theater groups, founded by Enrique in 1954. In a dialogue with interviewer Martinez and Colombian actor Lisímaco Núñez, Buenaventura poses a commentary on the interplay between art and politics, the nuances and differences between notions of 'popular' vs. 'populist' theater, and the role and limits of art criticism; taking into account the works by Luis Valdez and El Teatro Campesino, the artist also discusses the aesthetic and political points of contact between Chicano and Colombian theater.
=540  \\$aThere are copyright restrictions on this collection. For more information, go to the online version of this video.
=600  10$aBuenaventura, Enrique$vInterviews.
=610  20$aTeatro Experimental de Cali.
=650  \0$aTheater$zColombia.
=653  \\$aCollective creation
=653  \\$aChicano theater
=655  \7$aInterview.$2nyu-hidvl
=700  1\$aBuenaventura, Enrique.$4ive
=700  1\$aMartinez, Alma.$4pro$4cre$4vdg$4ivr
=700  1\$aNúñez, Lisímaco.$4oth
=710  2\$aHemispheric Institute Digital Video Library.
=830  \0$aTeatros de Colombia, 1999 collection.
=853  00$81$apt.
=863  50$81.1$a1$p31142045835348
=863  50$81.2$a2$p31142045835371
=863  50$81.3$a3$p31142045835389
=856  40$uhttp://hdl.handle.net/2333.1/zcrjdg05
=954  \\$81$aVolumes

