=LDR  04730cgm  22006255a 4500
=001  000511381
=003  NNU
=004  NYUb13499765
=005  20090408133315.0
=006  m\\\\\\\\z\\\\\\\\
=007  vd\cvaizu
=007  vf\ciahou
=007  cr\cna
=007  cr\|||||||||||
=008  070523e199912uuck\078\\\\\\\\\\\\vlspa\d
=024  7\$aHI2006_128_01$2nyu-hidvl
=024  7\$aHI2006.128_01$2nyu-hidvl
=040  \\$aNNU$cNNU$eamim
=041  0\$aspa
=043  \\$as-ck---$anwht---
=245  03$aLa isla de todos los santos$h[videorecording].
=260  \\$c1999 Dec.
=300  \\$3master.$a1 videocassette of 1 (Digital Betacam) (78 min.) :$bsd., col. ;$c1/2 in.
=300  \\$3viewing copy.$a1 videodisc of 1 (DVD) (78 min.) :$bsd., col. ;$c4 3/4 in.
=490  1\$aTeatro Experimental de Cali (TEC) / Enrique Buenaventura collection
=530  \\$aAlso available online as streaming video.
=546  \\$aIn Spanish.
=500  \\$aTitle supplied by Hemispheric Institute.
=500  \\$aPart of the Hemispheric Institute Digital Video Library.
=534  \\$pMedia source original:$e1 videocassette of 1 (VHS) : sd., col. ; 1/2 in. SP.$mMaxwell.
=518  \\$aPerformed in Cali, Colombia, in Dec. 1999.
=508  \\$aEnrique Buenaventura, writer ; Teatro Experimental de Cali, producer ; Festival Iberoamericano de Colom, producer ; Jacqueline Vidal, staging ; Pierre Rigaud, music ; Tony Sellers, sound design ; José Campo, graphic designer ; José Campo, Lucila Idarraga, TEC, costume and set design ; Jacqueline Vidal, María Eugenia Pérez, lighting design ; María Eugenia Pérez, technical coordination.
=511  1\$aAdriana Garcés, Claudia García, Karol Fray, Diana Mellado, Marco A. Bejarano, Marco A. Ocampo, Hilda Ruiz, Fernando Aguilar, Lisímaco Núñez, Serafín Arzamendía, Clahiber Rincón, Francois Regis Matulewski (musician), Gepetto Ben Glabros (musician), Juan Carlos Maya (musician).
=520  \\$aOne of TEC's plays devoted to historical reconstruction as a work of fiction. The action is located in Haiti right after the French Revolution. Letizia, Napoleon's mother, tells the audience the marvelous deeds of her beloved son and the love conquests of her most beautiful daughter, Paulina. Josephine, Napoleon's wife, comes to Haiti from her exile in Martinica and introduces the political issues of Caribbean islands. Then Napoleon himself takes over: the play follows Bonaparte in the construction of a new empire of his - a fictional 'island of all saints'. Teatro Experimental de Cali (TEC) is a collective of playwrights, actors, dancers, musicians, stage designers and students committed to the exploration and creation of new languages for Latin American theater. Founded in Colombia in 1955 by Enrique Buenaventura and a group of students at the Instituto Departamental de Bellas Artes, TEC has had a long and fruitful trajectory; their artistic and theoretical work has revolutionized the way that theater is conceived and practiced in Latin America. A key contribution to the field is their method of 'creación colectiva' ('collective creation'), in which all the participants of the play - including the audience - become involved with the dramatic text and its staging. In spite of this stress on collective work, TEC had in Enrique Buenaventura its main poet and playwright, who developed most of TEC's texts and directed the majority of their plays. While TEC's works address various historical and social issues, artistic quality is not sacrificed for the sake of political radicalism. TEC has thus created a theater that is politically and culturally engaged, poetic and innovative without losing its popular appeal.
=540  \\$aThere are copyright restrictions on this collection. For more information, go to the online version of this video.
=650  \0$aTheater$zColombia.
=651  \0$aHaiti$xHistory$y1804-$vDrama.
=651  \0$aHaiti$xHistory$y1804-$vFiction.
=653  \\$aHaitian independence
=653  \\$aCreación colectiva
=655  \7$aPerformance.$2nyu-hidvl
=655  \7$aTheater.$2nyu-hidvl
=655  \7$aCollective creation.$2nyu-hidvl
=700  1\$aBuenaventura, Enrique.$4aut
=700  1\$aVidal, Jacqueline.$4std
=710  2\$aTeatro Experimental de Cali.$4pro
=711  2\$aFestival Iberoamericano de Colom.$4pro
=710  2\$aHemispheric Institute Digital Video Library.
=830  \0$aTeatro Experimental de Cali (TEC) / Enrique Buenaventura collection
=856  40$uhttp://hdl.handle.net/2333.1/c866t1qs

