=LDR  03512cgm a22006375a 4500
=001  000509064
=003  NNU
=004  NYUb13497246
=005  20121026194610.0
=006  m\\\\\\\\z\\\\\\\\
=007  vd\cvaizu
=007  vf\ciahou
=007  cr\cna|||m|||a
=007  cr\|||||||||||
=008  070515e19990828ck\023\\\\\\\\\\\\vlspa\d
=024  7\$aHI2006_085_01$2nyu-hidvl
=024  7\$aHI2006.085_01$2nyu-hidvl
=040  \\$aNNU$cNNU$eamim
=041  0\$aspa
=043  \\$as-ck---
=245  00$aInterview with Beatriz Camargo$h[videorecording]
=246  3\$aInterview with Beatriz Camargo (Teatro Itinerante del Sol)
=246  30$aBeatriz Camargo
=260  \\$c1999 Aug. 28.
=300  \\$3master.$a1 videocassette of 1 (Digital Betacam) (23 min.) :$bsd., col. ;$c1/2 in.
=300  \\$3viewing copy.$a1 videodisc of 1 (DVD) (23 min.) :$bsd., col. ;$c4 3/4 in.
=490  1\$aTeatros de Colombia, 1999 collection
=530  \\$aAlso available online as streaming video.
=546  \\$aIn Spanish, with introductory remarks in English.
=500  \\$aTitle supplied by Hemispheric Institute.
=500  \\$aPart of the Hemispheric Institute Digital Video Library.
=534  \\$pMedia source original:$e1 videocassette of 1 (Mini DV) : sd., col. ; 1/4 in. SP.$mSony DVM60.
=518  \\$aInterviewed in Villa de Leyva, Colombia, on Aug. 28, 1999.
=508  \\$aAlma Martinez, producer, creator, videographer.
=511  0\$aBeatriz Camargo, interviewee ; Alma Martinez, interviewer.
=520  \\$aInterview with Colombian actress, director, playwright and founder of Teatro Itinerante del Sol, Beatriz Camargo, conducted by Chicano theater scholar Alma Martinez. A former member of the Grupo de Teatro La Candelaria (Bogota, Colombia, directed by Santiago García), Camargo founded her theater ensemble in 1982; originally based in Bogota, the Teatro Itinerante del Sol later moved to the rural village of Villa de Leyva in search of a connection with nature and the development of a creative space for their work. In this interview, Beatriz discusses her artistic trajectory; in terms of the Teatro Itinerante del Sol, Camargo talks about the centrality of myths, dreams, rituals, and masks in their theater work. Defined by the artist as 'biodrama', her theater pieces are conceived as explorations on myth and collective memory. Camargo also comments on how her theater projects, through the interplay between the mythical and the historical, address political issues of women and of indigenous peoples in Colombia.
=540  \\$aThere are copyright restrictions on this collection. For more information, go to the online version of this video.
=600  10$aCamargo, Beatriz$vInterviews.
=610  20$aTeatro Itinerante del Sol.
=650  \0$aTheater$zColombia.
=650  \0$aWomen in the theater.
=650  \0$aWomen theatrical producers and directors$zColombia.
=650  \0$aWomen dramatists$zColombia.
=650  \0$aTheater$xMythology.
=653  \\$aTheater and myth.
=655  \7$aInterview.$2nyu-hidvl
=700  1\$aCamargo, Beatriz.$4ive
=700  1\$aMartinez, Alma.$4pro$4cre$4vdg$4ivr
=710  2\$aHemispheric Institute Digital Video Library.
=830  \0$aTeatros de Colombia, 1999 collection.
=856  40$uhttp://hdl.handle.net/2333.1/nvx0k6p5

