=LDR  04976ngm a2200505   4500
=001  004163193
=005  20150728134859.0
=006  m\\\\\\\\c\\\\\\\\
=007  cr\cna|||m|||a
=007  cr\|||||||||||
=008  150728s1999\\\\nyu006\\\\\\\\s\\\vlzxx\d
=024  7\$aHI2014_164_01$2nyu-hidvl
=040  \\$aNNU$beng$cNNU
=245  00$aFountain$h[videorecording] /$cPatty Chang, creator.
=260  \\$c1999.
=300  \\$3viewing copy.$astreaming video (5 min., 29 sec.) :$bsd., col.
=490  1\$aFranklin Furnace: Performance and Politics Collection
=546  \\$aNo linguistic content.
=500  \\$aPart of the Hemispheric Institute Digital Video Library.
=500  \\$aTitle supplied by the Hemispheric Institute.
=508  \\$aBernard Block, videographer and editor.
=511  1\$aPatty Chang, performer.
=518  \\$aPerformed at the Artist Studio, Brooklyn, NY, USA in 1999.
=520  \\$aFranklin Furnace was founded in 1976 by artist Martha Wilson to champion ephemeral forms neglected by mainstream arts institutions. Franklin Furnace’s mission is to present, preserve, interpret, proselytize and advocate on behalf of avant-garde art, especially forms that may be vulnerable due to institutional neglect, their ephemeral nature, or politically unpopular content. The organization is dedicated to serving artists by providing both physical and virtual venues for the presentation of time-based visual art, including but not limited to artists’ books, installation art, performance art, and unforeseen contemporary avant-garde art forms; and to undertake other activities related to these purposes. Franklin Furnace is committed to serving emerging artists; to assuming an aggressive pedagogical stance with regard to the value of avant-garde art to life; and to fostering artists’ zeal to broadcast ideas. The organization has developed a place in art history for artists’ books, temporary installation art, and performance art. www.franklinfurnace.org
=520  \\$aIn Fountain, Patty Chang stares into a mirror while drinking water from her reflection. To create the visual imagery depicted in the frame, Chang placed a video camera on a 45-degree angle while filming the live performance in her studio. Positioning the camera at this angle changes the plane of the video and also reshapes how viewers see the footage of the performance. Viewers are not aware of this stylistic approach when watching the footage, but instead see a re-purposed view of the live performance that has been displayed vertically in the video. The approaches that Chang takes in Fountain are political in their form as well as content, addressing standards of beauty, representations of Asian women, and the problematics of the male gaze. Fountain was intended to be part of Franklin Furnace’s 'History of the Future' (1999) netcast on Pseudo Programs, Inc.’s The Performance Channel (www.channelp.com); however, the corporation went bankrupt during the height of the culture wars leaving the performance footage dormant until published in full length by HIDVL in 2015.
=520  \\$aPatty Chang’s performative works deal with themes of gender, language, and empathy. Working predominantly in video, Chang uses the medium to document her performances, often utilizing the camera’s potential to misrepresent. Her works often challenge viewers’ perceptions of what they see, frequently creating visual sleights of hand that highlight fantastical representations of 'Asia.' Chang’s work has been exhibited nationwide and internationally at the Guggenheim Museum in New York; the New Museum in New York; the Hammer Museum in Los Angeles; the Museum of Contemporary Art in Chicago; the Hamburg Kunstverein in Hamburg, Germany; and the Moderna Museet in Stockholm, Sweden. She was nominated for the Hugo Boss Prize in 2008, named the Guna S. Mundheim Fellow of Visual Arts at the American Academy in Berlin in 2009, and a recipient of the Guggenheim Fellowship in 2014. www.pattychang.com
=534  \\$pMedia source original: unknown.
=540  \\$aThere are copyright restrictions on this collection. For more information, go to the online version of this video.
=600  10$aChang, Patty,$d1972-
=650  \0$aPerformance art$zUnited States$y20th century.
=650  \0$aIdentity politics.
=650  \0$aIdentity (Psychology) in art.
=650  \0$aGender expression.
=650  \0$aBeauty culture$xSocial aspects.
=650  \0$aBody image.
=650  \0$aWomen$zAsia.$xPublic opinion.
=655  \7$aPerformance.$2nyu-hidvl
=655  \7$aVisual art performance.$2nyu-hidvl
=655  \7$aConceptual performance.$2nyu-hidvl
=655  \7$aPerformance art.$2nyu-hidvl
=700  1\$aChang, Patty,$d1972-$4cre$4prf
=710  2\$aHemispheric Institute Digital Video Library.
=830  \0$aFranklin Furnace : performance and politics collection.
=856  40$uhttp://hdl.handle.net/2333.1/x3ffbjnw

