=LDR  05406cgm  2200625 a 4500
=001  000564226
=003  NNU
=004  NYUb13557316
=005  20080509173418.0
=006  m\\\\\\\\z\\\\\\\\
=007  vd\cvaizu
=007  vf\ciahou
=007  cr\cna
=007  cr\|||||||||||
=008  071127s1999\\\\nyu003\\\\\\\\\\\\vleng\d
=024  7\$aHI2005_056_01$2nyu-hidvl
=024  7\$aHI2005.056_01$2nyu-hidvl
=035  \\$a(NYU)NYUb13557316
=040  \\$aNNU$cNNU$eamim
=245  00$aCoatlicue Theater Company$h[videorecording] :$bstorytelling, playwriting, theater workshops.
=246  1\$iTitle on DVD menu screen:$aStorytelling, playwriting theater workshop
=246  1\$iTitle on opening shots:$aCoatlicue storytelling workshops
=260  \\$c1999.
=300  \\$a1 videocassette of 1 (Digital Betacam) (3 min.) :$bsd., col. ;$c1/2 in.$3master.
=300  \\$a1 videodisc of 1 (DVD) (3 min.) :$bsd., col. ;$c4 3/4 in.$3viewing copy.
=490  1\$aAmerican Indian Community House collection
=530  \\$aAlso available online as streaming video.
=500  \\$aTitle supplied by Hemispheric Institute.
=500  \\$aPart of the Hemispheric Institute Digital Video Library.
=534  \\$pMedia source original:$e1 videocassette of 1 (VHS) : analog sd., col. ; 1/2 in.
=518  \\$aRecorded in New York City, New York, and Chiapas, Mexico in 1999.
=508  \\$aCoatlicue Theater Company, producer, creator ; Shaun Finnerty, videographer.
=511  0\$aHortencia Colorado, Elvira Colorado, pedagogues.
=520  \\$aCoatlicue Theater Company produced a three-minute video demonstrating their storytelling/playwriting/theater workshops. Included in the footage are clips from a workshop held in Chiapas, Mexico. The companys workshops are divided into three parts. The first part is aimed at getting participants to open up to one another to begin to work collectively. Its devoted to exercising the body through sounds and movement to stimulate the imagination and awaken the body, mind, and spirit. The second part is designed to teach storytelling and involves exercises that develop trust, listening, and communication skills. Here the Colorado sisters demonstrate the different ways to tell a story, how to work together to tell a story, and listening to others tell a story. Participants are then taught how to incorporate their earlier exercises into the storytelling process and work on developing a theater piece. Elvira and Hortencia Colorado, Chichimec Otomi storytellers, playwrights, performers and community activists are founding members of Coatlicue Theatre Company (www.coatlicue.com). They are also members of Danza Mexica Cetiliztli, New York Zapatistas and the American Indian Community House. The company's plays address social, political, cultural and identity issues that impact their lives and their community. Their work is based on stories they weave together which educate as well as entertain, while reaffirming their survival as urban Native American women. They have conducted storytelling/ theater workshops. They are recipients of the Ingrid Washinawatok Community Activism Award. The American Indian Community House (AICH) is an urban Indian center that services the needs of the Native people living in New York City and welcomes Native visitors to the city. AICH was founded in 1969 and has become a de facto neighborhood serving as a meeting place for the diverse Native community of the New York City area. The Community House offers a variety of services ranging from substance abuse and HIV counseling, to career assistance. It is also home to the only Indian owned and operated art gallery in New York City. The AICHs Performing Arts Department has become an important resource for Native visual and performance artists. Through its programming, performance has become an important educational vehicle, both for the Native and non-Native NY community. The Badger's Corner, initiated in the 1980s, is an education-via-entertainment vehicle for the AICHs visual and performing arts department programs. Taking its name from the Pueblo legend of the four-legged creature who led the Pueblo people out of the underworld after the great flood, the intent of its programming is to inform and challenge people to rethink their concept(s) of Native American people and customs. All performances at AICH are presented under the auspices of the Badgers Corner.
=540  \\$aThere are copyright restrictions on this collection. For more information, go to the online version of this video.
=650  \0$aIndian theater.
=650  \0$aTheater.
=650  \0$aTheater$xStudy and teaching.
=650  \0$aStorytelling.
=650  \0$aStorytelling$xStudy and teaching.
=653  \\$aNative theater
=653  \\$aTheater workshops
=655  \7$aWorkshop.$2nyu-hidvl
=700  1\$aColorado, Elvira.$4tch
=700  1\$aColorado, Hortencia.$4tch
=700  1\$aFinnerty, Shaun.$4vdg
=710  2\$aCoatlicue Theater Company.$4pro$4cre
=710  2\$aAmerican Indian Community House (New York, N.Y.)
=710  2\$aHemispheric Institute Digital Video Library.
=830  \0$aAmerican Indian Community House collection.
=856  40$uhttp://hdl.handle.net/2333.1/n8pk0pdn

