=LDR  04895cgm  2200685 a 4500
=001  000564263
=003  NNU
=004  NYUb13557353
=005  20080509173444.0
=006  m\\\\\\\\z\\\\\\\\
=007  vd\cvaizu
=007  vf\ciahou
=007  cr\cna
=007  cr\|||||||||||
=008  071127s1999\\\\nyu017\\\\\\\\\\\\vleng\d
=024  7\$aHI2005_057_01$2nyu-hidvl
=024  7\$aHI2005.057_01$2nyu-hidvl
=035  \\$a(NYU)NYUb13557353
=040  \\$aNNU$cNNU$eamim
=245  00$aCoatlicue Theater excerpts$h[videorecording] :$bOpen wounds, Coyolxauhqui, Traditional kind of woman, & Huipil.
=246  1\$iTitle on DVD cover and title screen:$aCoatlicue Theater excerpts
=260  \\$c1999.
=300  \\$a1 videocassette of 1 (Digital Betacam) (17 min.) :$bsd., col. ;$c1/2 in.$3master.
=300  \\$a1 videodisc of 1 (DVD) (17 min.) :$bsd., col. ;$c4 3/4 in.$3viewing copy.
=490  1\$aAmerican Indian Community House collection
=530  \\$aAlso available online as streaming video.
=500  \\$aTitle supplied by Hemispheric Institute.
=500  \\$aPart of the Hemispheric Institute Digital Video Library.
=534  \\$pMedia source original:$e1 videocassette of 1 (VHS) : analog sd., col. ; 1/2 in.
=518  \\$aProduced in New York City, New York, in 1999.
=508  \\$aCoatlicue Theater Company, producer, creator ; Elizabeth Downer, videographer.
=511  1\$aHortencia Colorado, Elvira Colorado.
=520  \\$aThis video includes excerpts from four Coatlicue Theater Company productions. Included are: Open Wounds (Welcome scene); Coyolxauhqui (Sister/Yoyolotl/End scene); Traditional Kind of Woman (Cancer scene); and Huipil (Rap ancestor/Dark angel scene). Elvira and Hortencia Colorado, Chichimec Otomi storytellers, playwrights, performers and community activists are founding members of Coatlicue Theatre Company (www.coatlicue.com). They are also members of Danza Mexica Cetiliztli, New York Zapatistas and the American Indian Community House. The company's plays address social, political, cultural and identity issues that impact their lives and their community. Their work is based on stories they weave together which educate as well as entertain, while reaffirming their survival as urban Native American women. They have conducted storytelling/ theater workshops. They are recipients of the Ingrid Washinawatok Community Activism Award. The American Indian Community House (AICH) is an urban Indian center that services the needs of the Native people living in New York City and welcomes Native visitors to the city. AICH was founded in 1969 and has become a de facto neighborhood serving as a meeting place for the diverse Native community of the New York City area. The Community House offers a variety of services ranging from substance abuse and HIV counseling, to career assistance. It is also home to the only Indian owned and operated art gallery in New York City. The AICHs Performing Arts Department has become an important resource for Native visual and performance artists. Through its programming, performance has become an important educational vehicle, both for the Native and non-Native NY community. The Badger's Corner, initiated in the 1980s, is an education-via-entertainment vehicle for the AICHs visual and performing arts department programs. Taking its name from the Pueblo legend of the four-legged creature who led the Pueblo people out of the underworld after the great flood, the intent of its programming is to inform and challenge people to rethink their concept(s) of Native American people and customs. All performances at AICH are presented under the auspices of the Badgers Corner.
=540  \\$aThere are copyright restrictions on this collection. For more information, go to the online version of this video.
=650  \0$aIndian theater.
=650  \0$aIndigenous women.
=650  \0$aStorytelling.
=653  \\$aNative theater
=655  \7$aPerformance.$2nyu-hidvl
=655  \7$aTheater.$2nyu-hidvl
=655  \7$aStorytelling.$2nyu-hidvl
=655  \7$aNative theater.$2nyu-hidvl
=655  \7$aAmerican Indian women's theater.$2nyu-hidvl
=655  \7$aVideo excerpts.$2nyu-hidvl
=700  1\$aColorado, Elvira.$4prf
=700  1\$aColorado, Hortencia.$4prf
=700  1\$aDowner, Elizabeth.$4vdg
=710  2\$aCoatlicue Theater Company.$4pro$4cre
=710  2\$aAmerican Indian Community House (New York, N.Y.)
=710  2\$aHemispheric Institute Digital Video Library.
=740  02$aOpen wounds.
=740  02$aCoyolxauhqui.
=740  02$aTraditional kind of woman.
=740  02$aHuipil.
=830  \0$aAmerican Indian Community House collection.
=856  40$uhttp://hdl.handle.net/2333.1/hhmgqnw5

