=LDR  03433cgm  22006735a 4500
=001  000506887
=003  NNU
=004  NYUb13494882
=005  20080219132425.0
=006  m\\\\\\\\z\\\\\\\\
=007  vd\cvaizu
=007  vf\ciahou
=007  cr\cna
=007  cr\|||||||||||
=008  070508e199909uunyu054\\\\\\\\\\\\vleng\d
=024  7\$aHI2006_068_01$2nyu-hidvl
=024  7\$aHI2006.068_01$2nyu-hidvl
=040  \\$aNNU$cNNU$eamim
=043  \\$an-us---
=245  00$aHot tamale$h[videorecording].
=260  \\$c1999 Sept.
=300  \\$a1 videocassette of 1 (Digital Betacam) (54 min.) :$bsd., col. ;$c1/2 in.$3master.
=300  \\$a1 videodisc of 1 (DVD) (54 min.) :$bsd., col. ;$c4 3/4 in.$3viewing copy.
=490  1\$aSusana Cook collection
=530  \\$aAlso available online as streaming video.
=500  \\$aTitle supplied by Hemispheric Institute.
=500  \\$aPart of the Hemispheric Institute Digital Video Library.
=534  \\$pMedia source original:$e1 videocassette of 1 (Mini DV) : sd., col. ; 1/4 in. SP.$mSony DVM60.
=518  \\$aPerformed at WOW Café Theatre, New York City, in Sept. 1999.
=508  \\$aSusana Cook, producer, writer, director ; Franklin Furnace Archive, producer ; Jaime Omar Yassin, videographer.
=511  1\$aSusana Cook, Felice Shays, Vivian Babuts, Saira, Amy Jo Goddard, Dred, Imani Henry.
=520  \\$aSusana Cook (www.susanacook.com) is a New York-based Argentinean theater and performance artist. Mainly directed to queer and Latino communities in New York City, Cook's work also encompasses a heated response to broader State policies that oppress communities defined in the intersection of race, gender, and class. In her shows, Cook parodies discourses of power, drawing attention to the close ties between the state, religious and political conservatism, and the military. Cook's plays usually feature all-women casts that defy the normative performance of gender, race, and sexuality. 'Hot Tamale' is a Latina fiesta about the Latina stereotype. 1999 was Latin pop singer Ricky Martin's year with his hit song 'La fiesta.' Latinos became the new market. They were considered hot, great lovers, great dancers, and big consumers. 'Hot Tamale' is a show about sex and hot tamales.
=540  \\$aThere are copyright restrictions on this collection. For more information, go to the online version of this video.
=650  \0$aConsumption (Economics)
=650  \0$aStereotypes (Social psychology)
=650  \0$aSex.
=650  \0$aIdentity (Psychology)
=653  \\$aIdentity politics
=653  \\$aLatino
=653  \\$aExoticism
=653  \\$aSexuality
=653  \\$aConsumerism
=653  \\$aPolitical performance
=655  \7$aPerformance.$2nyu-hidvl
=655  \7$aTheater.$2nyu-hidvl
=655  \7$aPolitical performance.$2nyu-hidvl
=655  \7$aLatino performance.$2nyu-hidvl
=655  \7$aQueer/Gay/Lesbian performance.$2nyu-hidvl
=700  1\$aCook, Susana.$4pro$4aut$4drt$4prf
=700  1\$aYassin, Jaime Omar.$4vdg
=710  2\$aFranklin Furnace (Archive)$4pro
=710  2\$aHemispheric Institute Digital Video Library.
=830  \0$aSusana Cook collection.
=856  40$uhttp://hdl.handle.net/2333.1/m37pvmmp

