=LDR  05563cgm a2200649 a 4500
=001  000563277
=003  NNU
=004  NYUb13556282
=005  20080408163613.0
=006  m\\\\\\\\z\\\\\\\\
=007  vd\cvaizu
=007  vf\ciahou
=007  cr\cna
=007  cr\|||||||||||
=008  071120e19990611nyu066\\\\\\\\\\\\vleng\d
=024  7\$aHI2005_034_01$2nyu-hidvl
=024  7\$aHI2005.034_01$2nyu-hidvl
=035  \\$a(NYU)NYUb13556282
=040  \\$aNNU$cNNU$eamim
=245  04$aThe fifth sun$h[videorecording].
=246  3\$aD'zul Dance Company & the Michael Taylor Dance Company :$bThe fifth sun
=246  1\$iTitle on DVD container label and title screen:$aD'zul Dance Co. and The Michael Taylor Dance Co.
=260  \\$c1999 June 11.
=300  \\$3master.$a1 videocassette of 1 (Digital Betacam) (66 min.) :$bsd., col. ;$c1/2 in.
=300  \\$3viewing copy.$a1 videodisc of 1 (DVD) (66 min.) :$bsd., col. ;$c4 3/4 in.
=490  1\$aAmerican Indian Community House collection
=530  \\$aAlso available online as streaming video.
=500  \\$aTitle supplied by Hemispheric Institute.
=500  \\$aPart of the Hemispheric Institute Digital Video Library.
=534  \\$pMedia source original:$e1 videocassette of 1 (VHS) : sd., col. ; 1/2 in.
=518  \\$aPerformed at The American Indian Community House, New York City, on June 11, 1999.
=508  \\$aAmerican Indian Community House, producer ; D'zul Dance Company, Michael Taylor Dance Company, creators ; Javier D'zul, artistic director ; Michael Taylor, Louis Mofsie, choreographers.
=511  0\$aD'zul Dance Company, Michael Taylor Dance Company.
=520  \\$aThe world premiere of Dzul Dance Companys, The Fifth Sun, commissioned by the American Indian Community House (AICH). The Fifth Sun combines traditional Native dance and music with contemporary dance movements. Michael Taylor (Delaware), director of the Michael Taylor Dance Co. and Louis Mofsie (Hopi/ Winnebago), director of the Thunderbird American Dancers collaborated together to choreograph the first dance piece in this video. Dzul Dance Companys is directed by Javier D'zul, a native of Mexico. Dzul fuses ritual and modern dance with aerial arts as a means to communicate indigenous pre-Hispanic cultures. By transforming bodies into earth bound and airborne forces of nature Dzul breaks physical, cultural and political boundaries. This daring and unique company bridges the gap between the ancient and the contemporary in order to illuminate the vast array of drama and beauty inherent to the universal human condition. Michael Taylor is a member of the Thunderbird American Indian Dancers. Louis Mofsie is chairperson on the Board of Directors at the American Indian Community House in New York City and Director of the Thunderbird American Dancers, an organization that raises scholarship funds for Native students. The American Indian Community House (AICH) is an urban Indian center that services the needs of the Native people living in New York City and welcomes Native visitors to the city. AICH was founded in 1969 and has become a de facto neighborhood serving as a meeting place for the diverse Native community of the New York City area. The Community House offers a variety of services ranging from substance abuse and HIV counseling, to career assistance. It is also home to the only Indian owned and operated art gallery in New York City. The AICHs Performing Arts Department has become an important resource for Native visual and performance artists. Through its programming, performance has become an important educational vehicle, both for the Native and non-Native NY community. The Badger's Corner, initiated in the 1980s, is an education-via-entertainment vehicle for the AICHs visual and performing arts department programs. Taking its name from the Pueblo legend of the four-legged creature who led the Pueblo people out of the underworld after the great flood, the intent of its programming is to inform and challenge people to rethink their concept(s) of Native American people and customs. All performances at AICH are presented under the auspices of the Badgers Corner. Indian Summer is an annual event at AICH and an occasion for artists to present their latest works to the community and the general public. All performers, whether new to the field or veteran practitioners, are encouraged to present their work.
=540  \\$aThere are copyright restrictions on this collection. For more information, go to the online version of this video.
=650  \0$aIndian dance.
=650  \0$aModern dance.
=653  \\$aContemporary Native dance
=653  \\$aAmerican Indian performance
=655  \7$aPerformance.$2nyu-hidvl
=655  \7$aDance.$2nyu-hidvl
=655  \7$aContemporary Native dance.$2nyu-hidvl
=655  \7$aAmerican Indian choreography.$2nyu-hidvl
=655  \7$aNative American performance.$2nyu-hidvl
=700  1\$aDzul, Javier.$4drt
=700  1\$aTaylor, Michael.$4chr$4cre
=700  1\$aMofsie, Louis.$4chr$4cre
=710  2\$aD'zul Dance Company.$4cre$4dnc$4prf
=710  2\$aMichael Taylor Dance Company.$4cre$4dnc$4prf
=710  2\$aAmerican Indian Community House (New York, N.Y.)$4pro
=710  2\$aHemispheric Institute Digital Video Library.
=830  \0$aAmerican Indian Community House collection.
=856  40$uhttp://hdl.handle.net/2333.1/bzkh18k1

