=LDR  04097cgm a22007575a 4500
=001  000509148
=003  NNU
=004  NYUb13497337
=005  20100302172628.0
=006  m\\\\\\\\z\\\\\\\\
=007  vd\cvaizu
=007  vf\ciahou
=007  cr\cna|||m|||a
=007  vd\cvaizu
=007  vd\cvaizu
=007  cr\|||||||||||
=008  070515e19990824ck\085\\\\\\\\\\\\vlspa\d
=024  7\$aHI2006_093_02$2nyu-hidvl
=024  7\$aHI2006_094_01$2nyu-hidvl
=024  7\$aHI2006.094_01$2nyu-hidvl
=024  7\$aHI2006.093_02$2nyu-hidvl
=040  \\$aNNU$cNNU$eamim
=041  0\$aspa
=043  \\$as-ck---
=079  \\$a(OCoLC)475456147
=245  00$aInterview with Helios Fernández$h[videorecording].
=246  30$aHelios Fernández
=260  \\$c1999 Aug. 24.
=300  \\$3master.$a2 videocassettes of 2 (Digital Betacam) (85 min.) :$bsd., col. ;$c1/2 in.
=300  \\$3viewing copy.$a2 videodiscs of 2 (DVD) (85 min.: pt.1, 62 min. ; pt.2, 23 min.) :$bsd., col. ;$c4 3/4 in.
=490  1\$aTeatros de Colombia, 1999 collection
=530  \\$aAlso available online as streaming video.
=546  \\$aIn Spanish, with introductory remarks in English.
=500  \\$aEpisode HI2006.093_02 (part 2) is contained on tape HI2006.093_01 (part 2 of "Interview with Mario Matallana").
=500  \\$aTitle supplied by Hemispheric Institute.
=500  \\$aPart of the Hemispheric Institute Digital Video Library.
=534  \\$pMedia source original:$e2 videocassette of 2 (Mini DV) : sd., col. ; 1/4 in. SP.$mSony DVM60.
=518  \\$aInterview held at home of Helios Fernández, Bogota, Colombia, on Aug. 24, 1999.
=508  \\$aAlma Martinez, producer, creator, videographer.
=511  0\$aHelios Fernández, interviewee ; Alma Martinez, interviewer.
=520  \\$aInterview with renowned Spanish-born Colombian actor Helios Fernández, conducted by Chicano theater scholar Alma Martinez. In this interview, Fernández talks about his experiences as an actor for theater and TV. A former member of Colombian theater ensemble Teatro Experimental de Cali (TEC) for 25 years, Helios discusses the trajectory of the group, the evolution of its dramaturgy, the development of the technique of 'creación colectiva' (collective creation), and the role of TEC's director Enrique Buenaventura in the realm of Latin American theater theory and practice. Among the many influences that have shaped the artistic endeavors of TEC, Fernández points to the importance of Brechtian theories, as well as the strong cross-pollination between their work and that of Chicano theater, primordially the works by Luis Valdez and El Teatro Campesino. The actor then poses an assessment on the scope and limits of political theater, and contrasts it historically, thematically, and administratively to commercial theater in Colombia. In addition to discussing his experiences as an actor in theater, Helios shares his thoughts on Colombian television and its particular acting conditions and techniques.
=540  \\$aThere are copyright restrictions on this collection. For more information, go to the online version of this video.
=600  10$aFernández, Helios$vInterviews.
=610  20$aTeatro Experimental de Cali.
=650  \0$aTheater$zColombia.
=650  \0$aActors$zColombia.
=650  \0$aMale actors$zColombia.
=650  \0$aTelevision actors and actresses$zColombia.
=653  \\$aCollective creation
=653  \\$aChicano theater
=655  \7$aInterview.$2nyu-hidvl
=700  1\$aFernández, Helios.$4ive
=700  1\$aMartinez, Alma.$4pro$4cre$4vdg$4ivr
=710  2\$aHemispheric Institute Digital Video Library.
=830  \0$aTeatros de Colombia, 1999 collection.
=853  00$81$apt.
=863  \\$81.1$a1$p31142045835504$wg
=853  00$81$apt.
=863  \\$81.1$a2
=856  40$uhttp://hdl.handle.net/2333.1/0vt4bb38

