=LDR  04565cgm a22007455a 4500
=001  000509049
=003  NNU
=004  NYUb13497230
=005  20080219165734.0
=006  m\\\\\\\\z\\\\\\\\
=007  vd\cvaizu
=007  vf\ciahou
=007  cr\cna
=007  \\vd
=007  cr\|||||||||||
=008  070515e199908uuck\074\\\\\\\\\\\\vlspa\d
=024  7\$aHI2006_082_01$2nyu-hidvl
=024  7\$aHI2006_082_02$2nyu-hidvl
=024  7\$aHI2006_082_03$2nyu-hidvl
=024  7\$aHI2006_083_01$2nyu-hidvl
=024  7\$aHI2006.082_01$2nyu-hidvl
=040  \\$aNNU$cNNU$eamim
=041  0\$aspa
=043  \\$as-ck---
=245  00$aInterview with Santiago García$h[videorecording].
=246  3\$aInterview with Santiago García (Teatro La Candelaria)
=246  30$aSantiago García
=260  \\$c1999 Aug. 9, 10, 19.
=300  \\$3master.$a2 videocassettes of 2 (Digital Betacam) (74 min.) :$bsd., col. ;$c1/2 in.
=300  \\$3viewing copy.$a2 videodiscs of 2 (DVD) (74 min. : pt.1, 51 min. ; pt.2, 23 min.) :$bsd., col. ;$c4 3/4 in.
=490  1\$aTeatros de Colombia, 1999 collection
=530  \\$aAlso available online as streaming video.
=546  \\$aIn Spanish.
=500  \\$aFirst disc contains sessions 1 and 2 (18 min. ea.), and the first part of session 3 (15 min.); second disc contains the second part of session 3 (23 min.).
=500  \\$aTape HI2006.082_01 also contains episodes HI2006.082_02 and HI2006.082_03.
=500  \\$aTitle supplied by Hemispheric Institute.
=500  \\$aPart of the Hemispheric Institute Digital Video Library.
=534  \\$pMedia source original:$e2 videocassettes of 2 (Mini DV) : sd., col. ; 1/4 in. SP.$mPanasonic DVM60.
=518  \\$aInterviewed in Bogota, Colombia, on Aug. 9, 10, and 19, 1999.
=508  \\$aAlma Martinez, producer, creator, videographer.
=511  0\$aSantiago García, interviewee ; Alma Martinez, interviewer.
=520  \\$aThree-session interview with Santiago García, theater director, theorist, playwright, and founder of renowned Colombian theater ensemble Teatro La Candelaria (www.teatrolacandelaria.org.co), conducted by Chicano theater scholar Alma Martinez. In this extensive interview, García discusses key topics germane to his artistic work, narrating his first experiences in theater, the artistic trajectory of La Candelaria (founded in 1966, and still one of the most important theater groups in Latin America), and his personal take on popular theater, collective creation, the influence of Brechtian theories in his artistic work, the role of the director in collaborative artistic collectives, and the state of the scenic arts in Colombia in the context of economic and political crisis. Santiago also comments on the influences and points of contact between Latin American and Latino theaters based on his personal experiences traveling and working with different theater groups, including the Chicano theater ensemble El Teatro Campesino; under the rubric of the 'popular', García analyzes the artistic affinities and ideological choices present in collective creation across the Americas. Finally, the artist shares his thoughts on La Candelaria's rendition of 'El Quijote', based on García's personal adaptation of this literary masterpiece. A carnivalesque mixture of cultures and traditions, this play highlights shared traits between the Spanish novel and Colombian culture, while performing a commentary on illusions, fantasy and utopia, elements that the author finds absent in present-day Colombia.
=540  \\$aThere are copyright restrictions on this collection. For more information, go to the online version of this video.
=600  10$aGarcía, Santiago$vInterviews.
=610  20$aGrupo La Candelaria.
=650  \0$aTheater$zColombia.
=650  \0$aTheatrical producers and directors$zColombia.
=650  \0$aMale dramatists$zColombia.
=653  \\$aCollective creation
=653  \\$aChicano theater
=655  \7$aInterview.$2nyu-hidvl
=700  1\$aGarcía, Santiago.$4ive
=700  1\$aMartinez, Alma.$4pro$4cre$4vdg$4ivr
=710  2\$aHemispheric Institute Digital Video Library.
=830  \0$aTeatros de Colombia, 1999 collection.
=853  00$81$apt.
=863  50$81.1$a1$p31142045835512
=863  50$81.2$a2$p31142045835520
=856  40$uhttp://hdl.handle.net/2333.1/sn02v75b
=954  \\$81$aVolumes

