=LDR  05350cgm a2200721 a 4500
=001  000556591
=003  NNU
=004  NYUb13549021
=005  20071210173435.0
=006  m\\\\\\\\z\\\\\\\\
=007  vd\cvaizu
=007  vf\ciahou
=007  cr\cna
=007  cr\|||||||||||
=008  070508s1999\\\\cau089\\\\\\\\\\\\vlmul\d
=024  7\$aHI2005_074_01$2nyu-hidvl
=024  7\$aHI2005.074_01$2nyu-hidvl
=040  \\$aNNU$cNNU$eamim
=041  0\$aeng$aspa
=043  \\$an-us---$an-mx---
=245  00$aBorderscape 2000 :$bkitsch, violence, cyborgs, and shamanism at the end of the century (backstage interviews and performance)$h[videorecording]
=260  \\$c1999 Mar.
=300  \\$3master.$a1 videocassette of 1 (Digital Betacam) (89 min.) :$bsd., col. ;$c1/2 in.
=300  \\$3viewing copy.$a1 videodisc of 1 (DVD) (89 min.) :$bsd., col. ;$c4 3/4 in.
=490  1\$aFrom Aztec to High-Tech : the performance video collections of Guillermo Gómez-Peña & La Pocha Nostra, 1985-2004.
=530  \\$aAlso available online as streaming video.
=546  \\$aIn English, Spanish, and Spanglish.
=500  \\$aTitle supplied by Hemispheric Institute.
=500  \\$aPart of the Hemispheric Institute Digital Video Library.
=534  \\$pMedia source original:$e1 videocassette of 1 (VHS) : sd., col. ; 1/2 in. SP.$mTDK S-HG T-120 HG.
=518  \\$aPerformed at Magic Theater, San Francisco, California, in Mar. 1999.
=508  \\$aGuillermo Gómez-Peña, producer, director ; La Pocha Nostra, producer ; Magic Theater, producer ; Ed Morales, videographer.
=511  1\$aGuillermo Gómez-Peña, Roberto Sifuentes, Sara Shelton-Mann, Kathy Kennedy, Juan Ybarra.
=520  \\$aDocumentation of a backstage interview with performance artists Guillermo Gómez-Peña and Roberto Sifuentes by filmmaker Ed Morales, along with footage of pre-performance preparations and excerpts of the actual performance at the Magic Theater in San Francisco, CA. Described as a 'high-tech Aztec Spanglish lounge operetta', this performance works through and with Chicano stereotypes -featuring the Cyber Vato, the Mexterminator, the Transvestite Mariachi and other Pocha Nostra 'cultural specimens'- in order to address and examine border-crossing issues of race, gender, language, religion, politics, commodification and multiculturalism. La Pocha Nostra (www.pochanostra.com) is an ever-morphing trans-disciplinary arts organization, founded in 1993 by Guillermo Gómez-Peña, Roberto Sifuentes, and Nola Mariano in California. The objective was to formally conceptualize Gómez-Peña's collaborations with other performance artists. It provides a base (and forum) for a loose network of rebel artists from various disciplines, generations and ethnic backgrounds, whose common denominator is the desire to cross and erase dangerous borders between art and politics, practice and theory, artist and spectator. As of June 2006, members include performance artists Guillermo Gómez-Peña, Violeta Luna, Michelle Ceballos, and Roberto Sifuentes; curators Gabriela Salgado and Orlando Britto; and over thirty associates worldwide in countries such as Mexico, Spain, the UK, and Australia. Projects range from performance solos and duets to large-scale performance installations including video, photography, audio, and cyber-art. La Pocha collaborates across national borders, race, gender and generations. Their collaborative model functions both as an act of citizen diplomacy and as a means to create ephemeral communities of like-minded rebels. The basic premise of these collaborations is founded on an ideal: If we learn to cross borders on stage, we may learn how to do so in larger social spheres. La Pocha strives to eradicate myths of purity and dissolve borders surrounding culture, ethnicity, gender, language, and métier. These are radical acts.
=540  \\$aThere are copyright restrictions on this collection. For more information, go to the online version of this video.
=600  10$aGómez-Peña, Guillermo$vInterviews.
=600  10$aSifuentes, Roberto,$d1967-$vInterviews.
=650  \0$aStereotypes (Social psychology)
=650  \0$aMexican Americans.
=650  \0$aBorder crossing$zMexico.
=650  \0$aBorder crossing$zUnited States.
=650  \0$aPrejudices.
=650  \0$aAnthropology$xSocial aspects.
=653  \\$aChicano stereotypes
=655  \7$aInterview.$2nyu-hidvl
=655  \7$aPerformance art.$2nyu-hidvl
=655  \7$aBorder art.$2nyu-hidvl
=655  \7$aReverse anthropology.$2nyu-hidvl
=655  \7$aPerformance/Installation.$2nyu-hidvl
=655  \7$aMultimedia interactive performance.$2nyu-hidvl
=700  1\$aGómez-Peña, Guillermo.$4pro$4drt$4prf$4ive
=700  1\$aSifuentes, Roberto,$d1967-$4prf$4ive
=700  1\$aMorales, Ed,$d1956-$4vdg$4ivr
=710  2\$aMagic Theatre (San Francisco, CA)
=710  2\$aPocha Nostra.
=710  2\$aHemispheric Institute Digital Video Library.
=830  \0$aFrom Aztec to High-Tech : the performance video collections of Guillermo Gómez-Peña & La Pocha Nostra, 1985-2004.
=856  40$uhttp://hdl.handle.net/2333.1/ht76hf2g

