=LDR  04391cgm a22006615a 4500
=001  000513967
=003  NNU
=004  NYUb13502662
=005  20071210173430.0
=006  m\\\\\\\\z\\\\\\\\
=007  vd\cvaizu
=007  vf\ciahou
=007  cr\cna
=007  cr\|||||||||||
=008  070606e19990509pr\062\\\\\\\\\\\\vlspa\d
=024  7\$aHI2007_023_01$2nyu-hidvl
=024  7\$aHI2007.023_01$2nyu-hidvl
=035  \\$a(NYU)NYUb13502662
=040  \\$aNNU$cNNU$eamim
=043  \\$anwpr---
=245  03$aLa nostalgia del quinqué$h[videorecording]
=246  3\$aNostalgia del quinqué :$buna huida
=260  \\$c1999 May 9.
=300  \\$3master.$a1 videocassette of 1 (Digital Betacam) (62 min.) :$bsd., col. ;$c1/2 in.
=300  \\$3viewing copy.$a1 videodisc of 1 (DVD) (62 min.) :$bsd., col. ;$c4 3/4 in.
=490  1\$aTeresa Hernández video collection
=530  \\$aAlso available online as streaming video.
=546  \\$aIn Spanish, Spanglish, and fictional pidgin.
=500  \\$aTitle supplied by Hemispheric Institute.
=500  \\$aPart of the Hemispheric Institute Digital Video Library.
=534  \\$pMedia source original:$e1 videocassette of 1 (Mini DV) : sd., col. ; 1/4 in. SP.$mSony DVM60.
=518  \\$aPerformed in San Juan, Puerto Rico, on May 9, 1999.
=508  \\$aTeresa Hernández, producer, director, concept, and text ; Producciones Teresa, no inc., producer.
=511  1\$aTeresa Hernández, Javier Cardona, Magali Carrasquillo, Kairiana Núñez, Patricia Dávila.
=520  \\$aTeresa Hernández is a Puerto Rican stage artist. Since 1987 she has written, directed and performed contemporary theater and dance, both in Puerto Rico's commercial and experimental art scenes. Teresa's creative projects are characterized by a consistent eschewing of traditional artistic categories. Theater, dance, performance, dramatic text, movement, costumes, video and everyday objects are juxtaposed and confronted, placed in a liminal space where notions of precariousness are explored and celebrated. "La nostalgia del quinqué...una huida" explores and exposes the anxieties of everyday life in Puerto Rican society, transversally investigating issues of gender, class and race. A series of tableaux vivants of the "Puerto Rican Family" shows a stereotypical version of the folkloric peasant family ("jíbaros") from the "literatura costumbrista" (dealing with the transit form a rural society to an industrial, urban one) in a tragicomic clash of anachronisms, self-inflicted bigotry and partisan politics, negotiated in a desperate juggle of contrasting realities, evasion, euphemisms and denial that evidence the identity crisis of Puerto Rican society. These tableaux perform an antiphonal relationship to three "sister" characters through which Hernández exposes her take on Puerto Rican identity crisis and colonialism: Lic. Perdóname (a district representative), Pragma la continental (with her self-help lecture inviting Puerto Ricans "to climb and to progress") and Perpetua (a sensual "Pan-Latin" singer), who, with the help of their assistant Lamento, unveil the political, socio-historic and ethno-cultural complexities of "the Puerto Rican condition".
=540  \\$aThere are copyright restrictions on this collection. For more information, go to the online version of this video.
=650  \0$aPerforming arts$zPuerto Rico.
=650  \0$aWomen in the performing arts$zPuerto Rico.
=650  \0$aIdentity (Psychology)$xPolitical aspects$zPuerto Rico.
=651  \0$aPuerto Rico$xSocial conditions.
=653  \\$aIdentity politics
=655  \7$aPerformances.$2nyu-hidvl
=655  \7$aTheater.$2nyu-hidvl
=655  \7$aMultimedia performance.$2nyu-hidvl
=655  \7$aExperimental performing arts.$2nyu-hidvl
=655  \7$aPerformances (entertainment events).$2aat
=655  \7$aPerformance art.$2aat
=655  \7$aTheater (discipline).$2aat
=655  \7$aMultimedia works.$2aat
=700  1\$aHernandez, Teresa.$4pro$4drt$4aut$4prf
=710  2\$aProducciones Teresa.$4pro
=710  2\$aHemispheric Institute Digital Video Library.
=830  \0$aTeresa Hernández video collection.
=856  40$uhttp://hdl.handle.net/2333.1/95x69pgb

