=LDR  04313cgm a22007095a 4500
=001  000513985
=003  NNU
=004  NYUb13502680
=005  20071210173430.0
=006  m\\\\\\\\z\\\\\\\\
=007  vd\cvaizu
=007  vf\ciahou
=007  cr\cna
=007  cr\|||||||||||
=008  070606s1999\\\\pr\022\\\\\\\\\\\\vlund\d
=024  7\$aHI2007_025_01$2nyu-hidvl
=024  7\$aHI2007.025_01$2nyu-hidvl
=035  \\$a(NYU)NYUb13502680
=040  \\$aNNU$cNNU$eamim
=041  0\$aund$bspa
=043  \\$anwpr---
=245  03$aLa película extranjera$h[videorecording].
=246  3\$aPelícula extranjera (un film puertorriqueño)
=260  \\$c1999.
=300  \\$3master.$a1 videocassette of 1 (Digital Betacam) (22 min.) :$bsd., col. ;$c1/2 in.
=300  \\$3viewing copy.$a1 videodisc of 1 (DVD) (22 min.) :$bsd., col. ;$c4 3/4 in.
=490  1\$aTeresa Hernández video collection
=530  \\$aAlso available online as streaming video.
=546  \\$aIn a fictional pidgin with Spanish subtitles.
=500  \\$aTitle supplied by Hemispheric Institute.
=500  \\$aPart of the Hemispheric Institute Digital Video Library.
=534  \\$pMedia source original:$e1 videocassette of 1 (VHS) : sd., col. ; 1/2 in. SP.$mSony T30BA.
=518  \\$aPerformed in San Juan, Puerto Rico, in 1999.
=508  \\$aTeresa Hernández, producer, director, concept, and text ; Producciones Teresa, no inc., producer ; Daniel Cotté, director of photography ; Vicente Juarbe, editor.
=511  1\$aTeresa Hernández, Pedro Adorno, Eduardo Alegría, Yuisa Buxeda, Javier Cardona, Conchita Cisnero, José Samuel Coss, Patricia Dávila, Yaraní del Valle, Jerry, Mayna Magruder, Muppet la Oveja, Lydia Platón, Viveca Vázquez.
=520  \\$aShort film by Puerto Rican stage artist Teresa Hernández and her Producciones Teresa, no inc., in collaboration with director of photography Daniel Cotté and editor Vicente Juarbe. Puerto Rico, a Caribbean island struggling with an authentic identity crisis, torn in the in-between zone of an oblique colonialism, delusions of cosmopolitan aspirations sold by tourism advertisements, a half-baked bilingualism, and self-inflicted bigotry, produces a foreign movie which is at the same time a Puerto Rican film. Spoken in a fictional pidgin, and subtitled in Spanish, it portrays a tragicomic Grand Reunion of individuals fixed on evading and denying the Puerto Rican condition through the impersonation of alternative citizenships and absurd allegiances. The video art piece show subjects living in anachronism and escapism, surrounding themselves in an artificial aura of the exotic that directly contrasts with the everyday life in the islands metropolitan area. The short film, shown as a stand-alone piece in film festivals locally and abroad, is also a building block of sorts, combined and recombined by Hernández in her multimedia spectacles in order to explore and unveil the complex layers of negotiation and denial at play in issues of identity politics of our postmodern societies.
=540  \\$aThere are copyright restrictions on this collection. For more information, go to the online version of this video.
=650  \0$aPerforming arts$zPuerto Rico.
=650  \0$aWomen in the performing arts$zPuerto Rico.
=650  \0$aIdentity (Psychology)$xPolitical aspects.
=651  \0$aPuerto Rico$xSocial conditions.
=653  \\$aIdentity politics
=655  \7$aPerformances.$2nyu-hidvl
=655  \7$aVideo art.$2nyu-hidvl
=655  \7$aShort film.$2nyu-hidvl
=655  \7$aExperimental performing arts.$2nyu-hidvl
=655  \7$aTheater.$2nyu-hidvl
=655  \7$aVideo art.$2aat
=655  \7$aShort subjects.$2aat
=655  \7$aExperimental films.$2aat
=655  \7$aPerformances (entertainment events).$2aat
=655  \7$aPerformance art.$2aat
=655  \7$aTheater (discipline).$2aat
=700  1\$aHernandez, Teresa.$4pro$4drt$4aut$4prf
=710  2\$aProducciones Teresa.$4pro
=710  2\$aHemispheric Institute Digital Video Library.
=830  \0$aTeresa Hernández video collection.
=856  40$uhttp://hdl.handle.net/2333.1/1ns1rngz

