=LDR  03314cgm a22006615a 4500
=001  000509073
=003  NNU
=004  NYUb13497257
=005  20080222144842.0
=006  m\\\\\\\\z\\\\\\\\
=007  vd\cvaizu
=007  vf\ciahou
=007  cr\cna
=007  \\vd
=007  cr\|||||||||||
=008  070515e19990821ck\118\\\\\\\\\\\\vlspa\d
=024  7\$aHI2006_087_01$2nyu-hidvl
=024  7\$aHI2006_088_01$2nyu-hidvl
=024  7\$aHI2006.087_01$2nyu-hidvl
=040  \\$aNNU$cNNU$eamim
=041  0\$aspa
=043  \\$as-ck---
=245  00$aInterview with Vicky Hernández$h[videorecording].
=246  30$aVicky Hernández
=260  \\$c1999 Aug. 21.
=300  \\$3master.$a2 videocassettes of 2 (Digital Betacam) (118 min.) :$bsd., col. ;$c1/2 in.
=300  \\$3viewing copy.$a2 videodiscs of 2 (DVD) (118 min. : pt.1, 57 min. ; pt.2, 61 min.) :$bsd., col. ;$c4 3/4 in.
=490  1\$aTeatros de Colombia, 1999 collection
=530  \\$aAlso available online as streaming video.
=546  \\$aIn Spanish, with introductory remarks in English.
=500  \\$aTitle supplied by Hemispheric Institute.
=500  \\$aPart of the Hemispheric Institute Digital Video Library.
=534  \\$pMedia source original:$e2 videocassettes of 2 (Mini DV) : sd., col. ; 1/4 in. SP.$mSony DVM60.
=518  \\$aInterviewed in Bogota, Colombia, on Aug. 21, 1999.
=508  \\$aAlma Martinez, producer, creator, videographer.
=511  0\$aVicky Hernández, interviewee ; Alma Martinez, interviewer.
=520  \\$aInterview with Colombian actress Vicky Hernández, conducted by Chicano theater scholar Alma Martinez. In this interview, Hernández narrates her experiences as a theater actress with renowned theater ensembles such as La Candelaria, Teatro Experimental de Cali (TEC), Teatro Popular de Bogotá (TPB), and the Teatro Nacional, as well as her trajectory as an actress for TV and film. In the light of the political climate and economic crisis of late 20th-century Colombia, the artist poses a commentary on how cultural policies are played out in Colombian theater, TV, and cinema industries. Comparing and contrasting the different aspects and techniques of acting in these realms, Vicky discusses the importance of the actor's training and education, stressing it as an urgent need to strengthen the artistic métier in her country.
=540  \\$aThere are copyright restrictions on this collection. For more information, go to the online version of this video.
=600  10$aHernández, Vicky$vInterviews.
=650  \0$aActresses$zColombia.
=650  \0$aTheater$zColombia.
=650  \0$aActing$xVocational guidance$zColombia.
=653  \\$aActing as a profession
=655  \7$aInterview.$2nyu-hidvl
=700  1\$aHernández, Vicky.$4ive
=700  1\$aMartinez, Alma.$4pro$4cre$4vdg$4ivr
=710  2\$aHemispheric Institute Digital Video Library.
=830  \0$aTeatros de Colombia, 1999 collection.
=853  00$81$apt.
=863  50$81.1$a1$p31142045835462
=863  50$81.2$a2$p31142045835470
=856  40$uhttp://hdl.handle.net/2333.1/j6q573wx
=954  \\$81$aVolumes

