=LDR  04305ngm a2200493   4500
=001  004192583
=005  20151003203212.0
=006  m\\\\\\\\c\\\\\\\\
=007  cr\cna|||m|||a
=007  cr\|||||||||||
=008  151003e199909uucau123\\\\\\\\s\\\vleng\d
=024  7\$aHI2014_137_01$2nyu-hidvl
=040  \\$aNNU$beng$cNNU
=041  0\$aeng
=043  \\$an-us---
=245  00$aHolly Hughes$h[videorecording] :$bpreaching to the perverted /$cHolly Hughes, writer ; Lois Weaver, director.
=260  \\$c1999 Sept.
=300  \\$3viewing copy.$astreaming video (122 min., 16 sec.) :$bsd., col.
=490  1\$aFranklin Furnace : performance and politics collection
=500  \\$aTitle supplied by the Hemispheric Institute.
=500  \\$aPart of the Hemispheric Institute Digital Video Library.
=511  1\$aHolly Hughes, performer.
=518  \\$aPerformed at the New Conservatory Theatre, San Francisco, CA, USA, in September 1999.
=520  \\$aHolly Hughes investigates the politics of art and democracy in Preaching to the Perverted. She discusses her recent appearance before the U.S.Supreme Court in the case NEA v. Finley (1998). Hughes, along with Karen Finley, John Fleck, and Tim Miller, were awarded grants by the National Endowment for the Arts that were later revoked for obscenity. The group of artists, which became known as the NEA Four, filed a case against the National Endowment for the Arts asserting First Amendment and statutory claims. Hughes reenacts scenes from the U.S. Supreme Court trial that she calls ‘theatrical spectacles,’ while noting the larger context of censorship in the arts in the United States. She de-centers national debates surrounding freedom, citizenship, and democracy from a lesbian feminist point of view and asserts her artistic freedom by creating performances that reflect a radical body politic. Hughes’ testimony, alongside those of Finley, Fleck, and Miller, led the U.S. Supreme Court to rule in favor of the NEA Four’s case against the National Endowment for the Arts. She further elaborates upon the NEA Four trial and the conservative political climate of the nation during the case in the Q&A session following the performance. Preaching to the Perverted was intended to be part of Franklin Furnace’s ‘History of the Future’ (1999) netcast on Pseudo Programs, Inc.’s The Performance Channel (www.channelp.com); however, the corporation went bankrupt during the height of the culture wars leaving the performance footage dormant until published in full length by HIDVL in 2015.
=520  \\$aHolly Hughes is a writer and performer, who began her thespian adventures at the WOW Cafe Theater in the Lower East Side of New York City. Her work deals with questions of identity and sexual desire, drawing recognition including two Village Obie Awards, a Guggenheim Fellowship, funding from Creative Capital, NYSCA, and the NEA, as well as the ire of the religious right during the culture wars. Hughes’s books include Clit Notes: A Sapphic Sampler (1996), O Solo Homo: The New Queer Performance (1998), Animal Acts: Performing Species Today (2014), and Memories of the Revolution: Ten Years of the WOW Cafe (forthcoming). She is a Professor at the University of Michigan where she founded the BFA in Interarts Performance.
=534  \\$pMedia source original:$e1 videocassette (VHS) : sd., col. ; 1/2 in. SP.$mTDK SH
=540  \\$aThere are copyright restrictions on this collection. For more information, go to the online version of this video.
=546  \\$aIn English.
=600  10$aHughes, Holly,$d1955 March 10-
=610  20$aNational Endowment for the Arts.
=610  10$aUnited States.$tConstitution.$n1st Amendment.
=650  \0$aFreedom of expression$zUnited States.
=650  \0$aFreedom of speech$zUnited States.
=650  \0$aArts$xCensorship.
=650  \0$aCulture conflict.
=650  \0$aFeminism.
=655  \7$aSolo performance$2nyu-hidvl
=655  \7$aPerformance$2nyu-hidvl
=700  1\$aHughes, Holly,$d1955 March 10-$4aut$4prf
=700  1\$aWeaver, Lois.$4drt
=710  2\$aHemispheric Institute Digital Video Library.
=830  \0$aFranklin Furnace : performance and politics collection.
=856  40$uhttp://hdl.handle.net/2333.1/jq2bvsn7

