=LDR  03567cgm a22006135a 4500
=001  000508880
=003  NNU
=004  NYUb13497054
=005  20080222144401.0
=006  m\\\\\\\\z\\\\\\\\
=007  vd\cvaizu
=007  vf\ciahou
=007  cr\cna
=007  cr\|||||||||||
=008  070515e19990807ck\037\\\\\\\\\\\\vlspa\d
=024  7\$aHI2006_086_01$2nyu-hidvl
=024  7\$aHI2006.086_01$2nyu-hidvl
=040  \\$aNNU$cNNU$eamim
=041  0\$aspa
=043  \\$as-ck---
=245  00$aInterview with Luz Ángela Londoño$h[videorecording].
=246  3\$aInterview with Luz Ángela Londoño (Festival al Aire Puro)
=246  30$aLuz Ángela Londoño
=260  \\$c1999 Aug. 7.
=300  \\$3master.$a1 videocassette of 1 (Digital Betacam) (37 min.) :$bsd., col. ;$c1/2 in.
=300  \\$3viewing copy.$a1 videodisc of 1 (DVD) (37 min.) :$bsd., col. ;$c4 3/4 in.
=490  1\$aTeatros de Colombia, 1999 collection
=530  \\$aAlso available online as streaming video.
=546  \\$aIn Spanish.
=500  \\$aTitle supplied by Hemispheric Institute.
=500  \\$aPart of the Hemispheric Institute Digital Video Library.
=534  \\$pMedia source original:$e1 videocassette of 1 (Mini DV) : sd., col. ; 1/4 in. SP.$mSony DVM60.
=518  \\$aInterviewed in Bogota, Colombia, on Aug. 7, 1999.
=508  \\$aAlma Martinez, producer, creator, videographer.
=511  0\$aLuz Ángela Londoño, interviewee ; Alma Martinez, interviewer.
=520  \\$aInterview with Luz Ángela Londoño, assistant director of the Festival al Aire Puro ('Open Air Festival'), conducted by Chicano theater scholar Alma Martinez. Londoño discusses her trajectory in theater administration and production, which includes backstage work with renowned theater groups such as Teatro Taller de Colombia and Teatro Libre de Bogotá; this discussion is framed in the broader context of the history and future of contemporary Colombian theater, its political, pedagogical and commercial aspects, and the role of women in its production. Luz Ángela also comments on the distinctive expressive traits, aesthetic resources, mechanisms for communication and conditions of possibility of street theater, and comments on the international street theater festival 'al Aire Puro', organized in Bogota by the Colombian theater group Teatro Taller de Colombia (www.teatrotallerdecolombia.com), where well-known theater troupes form all over the world gather to perform, workshop and share their street theater skills under the slogan 'El teatro callejero del mundo le sonríe a la paz de Colombia' ('The street theater of the world smiles to peace in Colombia').
=540  \\$aThere are copyright restrictions on this collection. For more information, go to the online version of this video.
=600  10$aLondoño, Luz Ángela$vInterviews.
=610  20$aTeatro Taller de Colombia.
=610  20$aFestival al Aire Puro.
=650  \0$aTheater$zColombia.
=650  \0$aStreet theater$zColombia.
=650  \0$aWomen theatrical producers and directors$zColombia.
=655  \7$aInterview.$2nyu-hidvl
=700  1\$aLondoño, Luz Ángela.$4ive
=700  1\$aMartinez, Alma.$4pro$4cre$4vdg$4ivr
=710  2\$aHemispheric Institute Digital Video Library.
=830  \0$aTeatros de Colombia, 1999 collection.
=856  40$uhttp://hdl.handle.net/2333.1/ffbg79mq

