=LDR  04202cgm a2200553 a 4500
=001  003900639
=005  20140421223833.0
=006  m\\\\\\\\c\\\\\\\\
=007  cr\cna|||m|||a
=007  cr\|||||||||||
=008  131120e19990212cau112\\\\\\\\s\\\vleng\d
=024  7\$aHI2010_087_01$2nyu-hidvl
=040  \\$aNNU$beng$cNNU
=041  0\$aeng$aspa
=245  00$aLast stop ranchera$h[videorecording] :$bstaged reading /$cYerba Buena Center for the Arts and Latina Theatre Lab (Jaime Lujan), producers ; Wilma Bonet, director ; Yolanda Aranda and Enrique Coria, musical directors ; Latina Theatre Lab Ensemble, creator.
=260  \\$c1999 Feb. 12.
=300  \\$3viewing copy.$a1 streaming video (111 min., 54 sec.) :$bsd., col.
=490  1\$aLatina Theatre Lab collection
=546  \\$aIncludes English and Spanish.
=500  \\$aTitle supplied by Hemispheric Institute.
=500  \\$aPart of the Hemispheric Institute Digital Video Library.
=518  \\$aPerformed at the Yerba Buena Center for the Arts in San Francisco, California, on February 12, 1999.
=508  \\$aMonica Sanchez, guest writer ; Cherríe Moraga, guest dramaturg ; Margo Reed, stage manager ; Alexandra Vazquez, lighting designer ; Enrique Coria, sound designer.
=511  1\$aYolanda Aranda, Wilma Bonet, Jaime Lujan, Tessa Koning-Martinez, Selena Sue Navarro, Marlène Ramírez-Cancio, Andrea Cristina Thome, performers ; Enrique Coria, guest master guitarist ; Francine Torres, guest reader.
=520  \\$aCommissioned by Yerba Buena Center for the Arts (1998-1999 Wattis Artist-in-residence, established by Mr. and Mrs. Paul Wattis with leadership support from Catherine and Ted Topham), this is a staged reading of a play-in-progress drawing from personal histories and memories triggered by the music and lyrics of rancheras. This series of eloquent monologues is expressed in three movements. 'Once' is comprised of stories passed from people never known, now long gone. The movement 'Jump' reveals observations of the family, revealed by little girls’ eyes. The third movement, 'Forte,' presents reflections of who we are today.
=520  \\$aLatina Theatre Lab was one of the first and only all-Latina collective of writers, performers, and directors in the U.S. Their performance-sketch work dealt with pop culture, immigration, cross-cultural identities, and the complexities of 'being Latina.' It was founded in 1994 by four San Francisco Bay Area actresses: Dena Martinez, Jaime Lujan, Tessa Koning-Martinez and Wilma Bonet. Their purpose was to create theater that would go beyond the ever shrinking and limited range of roles for which Latina actresses were being considered. These roles were scarce, and rarely defied stereotypes. From 1994-1999, Latina Theatre Lab's work played with these cultural and gender stereotypes, exploring the legacies they inherited both as Latinas and as women. They also have collaborated with Culture Clash, the Asian American Theater Company, and the 18 Mighty Mountain Warriors.
=534  \\$pMedia source original:$e1 videocassette of 1 (VHS) : sd., col. ; 1/2 in. SP.$mQuantegy Professional T-120.
=540  \\$aThere are copyright restrictions on this collection. For more information, go to the online version of this video.
=650  \0$aRancheras.
=650  \0$aSinging$xInstruction and study
=650  \0$aHispanic American women$vPersonal narratives.
=650  \0$aHispanic American women$xSocial life and customs.
=650  \0$aIdentity politics.
=653  \\$aLatinas.
=655  \7$aPerformance.$2nyu-hidvl
=655  \7$aTheater.$2nyu-hidvl
=655  \7$aStorytelling.$2nyu-hidvl
=655  \7$aReading.$2nyu-hidvl
=655  \7$aAutobiography.$2nyu-hidvl
=700  1\$aLujan, Jaime.$4pro$4cre$4prf
=700  1\$aBonet, Wilma.$4drt$4prf
=700  1\$aAranda, Yolanda.$4msd$4prf
=700  1\$aCoria, Enrique.$4msd$4mus
=710  2\$aLatina Theatre Lab.$4pro$4cre$4prf
=710  2\$aCenter for the Arts at Yerba Buena Gardens.$4pro
=710  2\$aHemispheric Institute Digital Video Library.
=830  \0$aLatina Theatre Lab collection.
=856  40$uhttp://hdl.handle.net/2333.1/83bk3m1b

