=LDR  04491cgm a2200697 a 4500
=001  003731562
=004  003731562
=005  20130321113444.0
=006  m\\\\\\\\c\\\\\\\\
=007  vd\cvaizu
=007  cr\cna|||m|||a
=007  cr\|||||||||||
=007  vd\cvaizu
=008  130318e199910uuck\092\\\\\\\\\\\\vleng\d
=024  7\$aHI2010_080_01$2nyu-hidvl
=024  7\$aHI2010_081_01$2nyu-hidvl
=024  7\$aHI2010.080_01$2nyu-hidvl
=024  7\$aHI2010.081_01$2nyu-hidvl
=040  \\$aNNU$beng$cNNU
=041  0\$aeng$aspa
=245  00$aDragon Lady vs. Pocahontas$h[videorecording] /$cLatina Theatre Lab and the Asian American Theater Company (Pamala Wu), producers ; Dena Martinez, director ; Latina Theatre Lab and Asian American Theater Company Women Writers, creator.
=246  3\$aWorkshop production - New Langton
=260  \\$c1999 Oct.
=300  \\$3viewing copy.$a2 videodiscs of 2 (DVD) (91 min., 52 sec.: pt.1, 59 min., 37 sec.; pt.2, 32 min., 15 sec.) :$bsd., col. ;$c4 3/4 in.
=490  1\$aLatina Theatre Lab collection
=546  \\$aIncludes English and Spanish.
=500  \\$aTitle supplied by Hemispheric Institute.
=500  \\$aPart of the Hemispheric Institute Digital Video Library.
=518  \\$aPerformed at New Langton Arts in San Francisco, California, in October, 1999.
=508  \\$aSue Higo, stage manager ; Javier Gutiérrez, lighting designer ; Wilma Bonet, set designer ; Dena Martinez, Suz Takeda, sound designers ; DH Naomi Quiñones, graphics.
=511  1\$aWilma Bonet, Maria Candelaria, Dena Martinez, Tessa Koning-Martinez, Marlène Ramírez-Cancio, Latina Theatre Lab performers ; Patty Cachapero, Kim Compoc, Mary Dacumos, Rhoda Gravador, DH Naomi Quiñones, Suz Takeda, Pearl Wong, Asian American Theater Company performers.
=520  \\$aLa Peña Cultural Center first hosted Latina Theatre Lab, Culture Clash, and 18 Mighty Mountain Warriors for a Comedy Slam. They reworked their cross-cultural sketch comedy and added different material for the New Langton show. Some women from The Asian American Theater Company had formed a writing group to support and give feed back to each other. Latina Theatre Lab collaborated with them, exploring similarities in dealing with discrimination as well as cultural stereotypes that Latinos and Asians have about each other. Latina Theatre Lab was one of the first and only all-Latina collective of writers, performers, and directors in the U.S. Their performance-sketch work dealt with pop culture, immigration, cross-cultural identities, and the complexities of 'being Latina.' The group was founded in 1994 by four San Francisco Bay Area actresses: Dena Martinez, Jaime Lujan, Tessa Koning-Martinez and Wilma Bonet. Their purpose was to create theater that would go beyond the ever shrinking and limited range of roles for which Latina actresses were being considered. These roles were scarce, and rarely defied racial stereotypes. From 1994-1999, Latina Theatre Lab's work played with these cultural and gender stereotypes, exploring the legacies they inherited both as Latinas and as women.
=530  \\$aAlso available online as streaming video.
=534  \\$pMedia source original:$e2 videocassettes of 2 (Mini DV) : sd., col. ; 1/4 in. SP.$mPanasonic DVM60.
=540  \\$aThere are copyright restrictions on this collection. For more information, go to the online version of this video.
=650  \0$aIdentity politics.
=650  \0$aHispanic American women artists.
=650  \0$aAsian American women artists.
=650  \0$aHispanic Americans$xEthnic identity.
=650  \0$aAsian Americans$xEthnic identity.
=650  \0$aEthnic relations.
=650  \0$aCultural awareness.
=650  \0$aStereotypes (Social psychology)
=653  \\$aCross-cultural perspectives.
=653  \\$aLatina artists.
=655  \7$aPerformance.$2nyu-hidvl
=655  \7$aTheater.$2nyu-hidvl
=655  \7$aMultimedia.$2nyu-hidvl
=655  \7$aPolitical parody.$2nyu-hidvl
=700  1\$aMartinez, Dena.$4drt$4prf
=700  1\$aWu, Pamela A.$4pro
=710  2\$aLatina Theatre Lab.$4pro$4cre$4prf
=710  2\$aAsian American Theater Company.$4pro$4cre$4prf
=710  2\$aHemispheric Institute Digital Video Library.
=830  \0$aLatina Theatre Lab collection.
=856  40$uhttp://hdl.handle.net/2333.1/x95x6ccr
=853  00$81$adisc
=863  \\$81.1$a1
=863  \\$81.2$a2

