=LDR  04434cgm a22007095a 4500
=001  000509115
=003  NNU
=004  NYUb13497304
=005  20100302172634.0
=006  m\\\\\\\\z\\\\\\\\
=007  vd\cvaizu
=007  vf\ciahou
=007  cr\cna
=007  vd\cvaizu
=007  cr\|||||||||||
=008  070515e19990824ck\065\\\\\\\\\\\\vlspa\d
=024  7\$aHI2006_092_01$2nyu-hidvl
=024  7\$aHI2006_093_01$2nyu-hidvl
=024  7\$aHI2006.092_01$2nyu-hidvl
=024  7\$aHI2006.093_01$2nyu-hidvl
=040  \\$aNNU$cNNU$eamim
=041  0\$aspa
=043  \\$as-ck---
=079  \\$a(OCoLC)475456003
=245  00$aInterview with Mario Matallana$h[videorecording].
=246  3\$aInterview with Mario Matallana (Teatro Taller de Colombia)
=246  30$aMario Matallana
=260  \\$c1999 Aug. 24.
=300  \\$3master.$a2 videocassettes of 2 (Digital Betacam) (65 min.) :$bsd., col. ;$c1/2 in.
=300  \\$3viewing copy.$a2 videodiscs of 2 (DVD) (65 min. : pt.1, 47 min. ; pt.2, 18 min.) :$bsd., col. ;$c4 3/4 in.
=490  1\$aTeatros de Colombia, 1999 collection
=530  \\$aAlso available online as streaming video.
=546  \\$aIn Spanish, with introductory remarks in English.
=500  \\$aTitle supplied by Hemispheric Institute.
=500  \\$aPart of the Hemispheric Institute Digital Video Library.
=534  \\$pMedia source original:$e2 videocassettes of 2 (Mini DV) : sd., col. ; 1/4 in. SP.$mSony DVM60.
=500  \\$aTape HI2006.093_01 (part 2) also contains HI2006.093_02 (part 2 of "Interview with Helios Fernández").
=518  \\$aInterviewed in Bogota, Colombia, on Aug. 24, 1999.
=508  \\$aAlma Martinez, producer, creator, videographer.
=511  0\$aMario Matallana, interviewee ; Alma Martinez, interviewer.
=520  \\$aInterview with theater director and founder of street theater ensemble Teatro Taller de Colombia, Mario Matallana, conducted by Chicano theater scholar Alma Martinez. In this interview, Matallana talks about the strong experiential, aesthetic and political ties between his theater work and Chicano theater, especially in relation to the work of Luis Valdez and El Teatro Campesino. Issues of Latino and Latin American identity and solidarity are discussed, as well as the limits and possibilities of political theater as a tool for aesthetic exploration and social intervention. Mario also comments on the aesthetic coordinates of street theater, characterizing the work in Teatro Taller as one devoted to the creation of a 'text of images' through choreography of movement; he considers this type of performance to be political, but with a different language, one that broadens the theater audience and addresses current sociopolitical issues in new expressive ways. As a big discipline with different branches and traditions that can contribute and enrich one another, street theater has inspired Teatro Taller (www.teatrotallerdecolombia.com) to create and produce the Festival Internacional de Teatro Callejero al Aire Puro ('Open Air International Street Theater Festival') in Colombia. Matallana comments on the importance of this effort in the context of the trajectory of Teatro Taller; furthermore, he talks about some of the plays in their repertoire ('Génesis', 'Las sombras del olvido'), paying special attention to how their aesthetic as a street performance troupe has developed - influenced by international artistic collaboration - over the years.
=540  \\$aThere are copyright restrictions on this collection. For more information, go to the online version of this video.
=600  10$aMatallana, Mario$vInterviews.
=610  20$aTeatro Taller de Colombia.
=650  \0$aTheater$zColombia.
=650  \0$aStreet theater$zColombia.
=650  \0$aTheatrical producers and directors$zColombia.
=653  \\$aChicano theater
=655  \7$aInterview.$2nyu-hidvl
=700  1\$aMatallana, Mario.$4ive
=700  1\$aMartinez, Alma.$4pro$4cre$4vdg$4ivr
=710  2\$aHemispheric Institute Digital Video Library.
=830  \0$aTeatros de Colombia, 1999 collection.
=853  00$81$apt.
=863  \\$81.1$a1$p31142045835629
=863  \\$81.2$a2$p31142045835496
=856  40$uhttp://hdl.handle.net/2333.1/4mw6mbnn

