=LDR  05197cgm a22006855a 4500
=001  000086266
=003  NNU
=004  NYUb13056144
=005  20080408163207.0
=006  m\\\\\\\\z\\\\\\\\
=007  vd|cvaizu
=007  vf|ciahou
=007  cr\|||||||||||
=007  vd
=008  050715e19990320ohu083\\\\\\\\\\\\vleng\d
=024  7\$aHI2005_003_01$2nyu-hidvl
=024  7\$aHI2005.003_01$2nyu-hidvl
=035  \\$a(NYU)NYUb13056144
=040  \\$aNNU$cNNU$eamim
=245  00$aWinnetou's snake oil show from Wigwam City$h[videorecording]
=246  33$aSpiderwoman Theatre :$bWinnetou's snake oil show from Wigwam City
=260  \\$c1999 Mar. 20.
=300  \\$3viewing copy.$a1 videodisc of 1 (DVD) (83 min.) :$bsd., col. ;$c4 3/4 in.
=300  \\$3master.$a1 videocassette of 1 (Digital Betacam) (83 min.) :$bsd., col. ;$c1/2 in.
=490  1\$aAmerican Indian Community House collection
=500  \\$aTitle supplied by Hemispheric Institute.
=500  \\$aPart of the Hemispheric Institute Digital Video Library.
=530  \\$aAlso available online as streaming video.
=534  \\$pMedia source original:$e1 videocassette of 1 (VHS) : analog sd., col. ; 1/2 in.$mJVC.
=518  \\$aPerformed at Miami University, Ohio, on Mar. 20, 1999.
=508  \\$aMiami University, producer ; Muriel Miguel, director ; Spiderwoman Theatre, writer.
=511  1\$aLisa Mayo, Muriel Miguel, Gloria Miguel.
=520  \\$aWinnetou's Snake Oil Show from Wigwam City is loosely based on the fictional Apache character Winnetou and his close friend Old Shatterhand, made famous by nineteenth century German author, Karl May. Spiderwoman Theater satirizes the stereotypes perpetuated by authors like May and New Ageism in general, by performing a bona fide Snake Oil Show, spoofing the New Age plastic shaman, phony mysticism, and the wannabe Indians who have come to expect miraculous results from American Indian spirituality. Spiderwoman Theater is the longest continuous running Native female performance group. Comprised of three Kuna/ Rappahannock sisters from Brooklyn, New York, Lisa Mayo, Gloria Miguel, and Muriel Miguel, the group has travel all over the world giving performance, lectures, and workshops. Named after the weaver in the Hopi creation story the sisters storyweave their message in a variety of formats including poetry, dance, theater, and song. The American Indian Community House (AICH) is an urban Indian center that services the needs of the Native people living in New York City and welcomes Native visitors to the city. AICH was founded in 1969 and has become a de facto neighborhood serving as a meeting place for the diverse Native community of the New York City area. The Community House offers a variety of services ranging from substance abuse and HIV counseling, to career assistance. It is also home to the only Indian owned and operated art gallery in New York City. The AICHs Performing Arts Department has become an important resource for Native visual and performance artists. Through its programming, performance has become an important educational vehicle, both for the Native and non-Native NY community. The Badger's Corner, initiated in the 1980s, is an education-via-entertainment vehicle for the AICHs visual and performing arts department programs. Taking its name from the Pueblo legend of the four-legged creature who led the Pueblo people out of the underworld after the great flood, the intent of its programming is to inform and challenge people to rethink their concept(s) of Native American people and customs. All performances at AICH are presented under the auspices of the Badgers Corner. Indian Summer is an annual event at AICH and an occasion for artists to present their latest works to the community and the general public. All performers, whether new to the field or veteran practitioners, are encouraged to present their work.
=540  \\$aThere are copyright restrictions on this collection. For more information, go to the online version of this video.
=650  \0$aIndians of North America$xReligious life.
=650  \0$aIndians of North America$xRites and ceremonies.
=650  \0$aStereotypes (Social psychology)
=650  \0$aSpiritual life.
=650  \0$aNew Age movement.
=650  \0$aIndian theater.
=650  \0$aIndian arts.
=650  \0$aEthnic performing arts.
=655  \7$aPerformance.$2nyu-hidvl
=655  \7$aTheater.$2nyu-hidvl
=655  \7$aParody.$2nyu-hidvl
=655  \7$aIndigenous performance.$2nyu-hidvl
=655  \7$aNative American theater.$2nyu-hidvl
=700  1\$aMiguel, Muriel.$4drt$4prf
=700  1\$aMayo, Lisa.$4prf
=700  1\$aMiguel, Gloria.$4prf
=710  2\$aSpiderwoman Theatre.$4aut
=710  2\$aAmerican Indian Community House (New York, N.Y.)$4pro
=710  2\$aMiami University (Oxford, Ohio)$4pro
=710  2\$aHemispheric Institute Digital Video Library.
=830  \0$aAmerican Indian Community House collection.
=856  40$uhttp://hdl.handle.net/2333.1/q2bvq8dh

