=LDR  04956cgm a22006495a 4500
=001  000510846
=003  NNU
=004  NYUb13499204
=005  20080229190644.0
=006  m\\\\\\\\z\\\\\\\\
=007  vd\cvaizu
=007  vf\ciahou
=007  cr\cna
=007  cr\|||||||||||
=008  070522s1999\\\\nyu081\\\\\\\\\\\\vleng\d
=024  7\$aHI2006_111_01$2nyu-hidvl
=024  7\$aHI2006.111_01$2nyu-hidvl
=040  \\$aNNU$cNNU$eamim
=043  \\$an-us-ny
=245  00$aQuality of life II$h[videorecording].
=260  \\$c1999.
=300  \\$3master.$a1 videocassette of 1 (Digital Betacam) (81 min.) :$bsd., col. ;$c1/2 in.
=300  \\$3viewing copy.$a1 videodisc of 1 (DVD) (81 min.) :$bsd., col. ;$c4 3/4 in.
=490  1\$aCircus Amok collection
=530  \\$aAlso available online as streaming video.
=500  \\$aTitle supplied by Hemispheric Institute.
=500  \\$a"Quality of life [I]" performed in 1998, is recorded on tape HI2007.005_01.
=500  \\$aPart of the Hemispheric Institute Digital Video Library.
=534  \\$pMedia source original:$e1 videocassette of 1 (VHS) : sd., col. ; 1/2 in. SP.$mTDK T-120 RE.
=518  \\$aPerformed at Tompkins Square Park, New York City, in 1999
=508  \\$aCircus Amok, producer ; conceived and directed by Jennifer Miller ; Jenny Romaine, musical director ; Terry Dame, composer ; Mark Sussman, Sarah Schulman, Mady Schutzman, Jenny Romaine, additional writing ; Lorin Sklamberg, Duke Ellington, additional composition and glamor ; Scotty Heron, graphic design ; Andrea De Francesco, tech director/truck driver ; Laura Helton, Alessandra Nichols, Scotty Heron, Leslie Weinberg, Jonathan Burger, Nancy Brody, Seana Gordon, sets and props.
=511  1\$aJennifer Miller, Cathy Weis, Scotty Heron, Roderick Murray, Jennifer Monson, Tanya Gagné, Jenny Romaine (musician), Terry Dame (musician), Steve Berman (musician), Ben Meyers (musician), Bob Morris (musician), Mary Feaster (musician), Lisa Frisari (musician) ; Laura Helton, Jonathan Burger, Cypress, roustabouts.
=520  \\$aVideo documentation of Circus Amok's show 'Quality of Life II', performed in Tompkins Square Park in New York City in 1999. A joyful extravaganza of acrobatic artistry, satiric skill, and good old-fashioned circus fun, this piece bring together utopic and dystopic aspects of living in NYC at the turn of the millennium. Police brutality, privatization, and excessive construction of corporate and commercial buildings in former residential areas (including the demolition of community gardens) are some aspects of an ongoing political process of restricting the pubic sphere, to which the troupe counteracts through the proposal and support of education, advocating for freedom and creativity, community building, and the public denunciation of abuse and injustice. Circus Amok (www.circusamok.org) is a New York City based circus-theater company whose mission is to provide free public art addressing contemporary issues of social justice to the people of New York City. Directed and founded by Jennifer Miller, the group has been together since 1989 bringing its funny, queer, caustic and sexy, political one-ring spectacles to diverse neighborhoods throughout the city. Over the years the traditional circus skills - tight rope walking, juggling, acrobatics, stilt walking, clowning - have been combined with experimental dance, lifesize puppetry, music old and new, and gender-bending performance art and improvisational techniques, creating new meanings for circus while continuing to entertain the crowds of all ages throughout the city streets, gardens, parks, and playgrounds, inviting the audience to join them in envisioning a more empowered life of community interaction while enjoying a queer celebratory spectacle.
=540  \\$aThere are copyright restrictions on this collection. For more information, go to the online version of this video.
=650  \0$aCircus$zNew York (State)$zNew York.
=650  \0$aStreet theater$zNew York (State)$zNew York.
=650  \0$aGay theater$zNew York (State)$zNew York.
=650  \0$aSocial justice$zNew York (State)$zNew York.
=653  \\$aPolitical performance
=653  \\$aQueer performance
=655  \7$aPerformance.$2nyu-hidvl
=655  \7$aTheater.$2nyu-hidvl
=655  \7$aCircus.$2nyu-hidvl
=655  \7$aPolitical performance.$2nyu-hidvl
=655  \7$aQueer performance.$2nyu-hidvl
=700  1\$aMiller, Jennifer,$d1961-$4cre$4drt$4prf
=700  1\$aRomaine, Jenny.$4mus$4drt
=700  1\$aDame, Terry.$4cmp$4mus
=710  2\$aCircus Amok.$4pro
=710  2\$aHemispheric Institute Digital Video Library.
=830  \0$aCircus Amok collection.
=856  40$uhttp://hdl.handle.net/2333.1/k0p2ngq5

