=LDR  04676cgm a2200601 a 4500
=001  000028670
=003  NNU
=004  000028670
=005  20100208131358.0
=006  m\\\\\\\\z\\\\\\\\
=007  vd\cvaizu
=007  vf\ciahou
=007  cr\cna|||||||a
=007  cr\|||||||||||
=007  vd\cvaizu
=008  080418s1999\\\\ag\043\\\\\\\\\\\\vlspa\d
=024  7\$aHI2007_217_01$2nyu-hidvl
=035  \\$a(NYU)NYUb13605884
=040  \\$aNNU$cNNU$eamim
=041  0\$aspa
=043  \\$as-ag---
=079  \\$a(OCoLC)851964588
=245  00$aHistoria de una Utopía$h[videorecording].
=260  \\$c1999.
=300  \\$3viewing copy.$a1 videodisc of 1 (DVD) (43 min.) :$bsd., col. ;$c4 3/4 in.
=300  \\$3master.$a1 videocassette of 1 (Digital Betacam) (43 min.) :$bsd., col. ;$c1/2 in.
=490  1\$aGrupo de Teatro Catalinas Sur collection
=530  \\$aAlso available online as streaming video.
=546  \\$aIn Spanish.
=500  \\$aTitle supplied by Hemispheric Institute.
=500  \\$aPart of the Hemispheric Institute Digital Video Library.
=534  \\$pMedia source original:$e1 videocassette of 1 (Mini DV) : sd., col. ; 1/4 in. SP.$mSony DVM60.
=518  \\$aRecorded in La Boca, Buenos Aires, Argentina, in 1999.
=508  \\$aGrupo de Teatro Catalinas Sur, producer ; Paula Montoto, producer ; Rubén Canella, executive producer ; Marcelo Ostres, film director ; Adhemar Bianchi, artistic director ; Marcelo Osorio, editor ; Patricio Rodríguez Rossi, tech assistant.
=511  0\$aCatalinas Sur, performers ; Adhemar Bianchi, Alfredo Iriarte, Alicia Tapia, Bernardo Santiago, Juan Carlos Manoukian, Celia Molina, Cristina Paravano, Gabriela Guastavino, Juliana Corazzina, Luis Comín, María José Rodríguez, Mario Sacco, Mario Vidal, Martín Otaño, Miguel Hugo Loreti, Narda Milin, Omar Gasparini, Pancho Belevicius, Stella Giaquinto, Ximena Bianchi, Tomás, Martín, Ia & Gilda, interviewees.
=520  \\$a'Historia de una utopía' documents the first 16 years of theater work by Argentinean community theater ensemble Grupo de Teatro Catalinas Sur. Told in the words of the group itself (with an array testimonies by diverse group members), and illustrated with extensive video and photo documentation, this video maps out the origins and philosophy of the Catalinas Sur, while showcasing the variety of outdoor and indoor theater projects they have embarked on since 1983 - from 'Las Comediantes,' performed in Plaza Malvinas in 1983, to 'El Fulgor Argentino,' here shown at the group's own Galpón in 1999. The idea of Grupo de Teatro Catalinas Sur (www.catalinasur.com.ar) came to life during a neighborhood barbeque held by a school's parents association in 1983. It was during the time of Argentina's military dictatorship, which stifled popular expression, and the theater group used its community service as a form of resistance that strengthened feelings of solidarity and mutual binding. The group remains rooted in its Buenos Aires neighborhood, even as its membership and fame has grown, performing in a converted warehouse. Catalinas Sur members are acknowledged followers of the traditional artistic forms performed in the quarter which has been the birthplace of the popular arts: puppeteers, musicians, actors, artists originating from the old continent or from Latin America and who mingled their art, like a crucible, with the neighborhood. Firm believers that society can be changed by teamwork and a sense of community, Catalinas Sur has created more than 20 plays and, sweeping aside all false generation gaps, has now over 300 actors. In their own words, 'with the advent of this globalized and inhumane millennium, we are attempting, through the theater, to remember the value of our individual and collective histories, and revive the memory that believed and believes in a better world.'
=540  \\$aThere are copyright restrictions on this collection. For more information, go to the online version of this video.
=610  20$aGrupo de Teatro Catalinas Sur.
=651  \0$aBoca (Buenos Aires, Argentina)
=650  \0$aTheater$zArgentina.
=650  \0$aCommunity theater.
=655  \7$aDocumentary.$2nyu-hidvl
=700  1\$aMontoto, Paula.$4pro
=700  1\$aCanella, Rubén.$4pro
=700  1\$aOstres, Marcelo.$4drt
=700  1\$aBianchi, Adhemar.$4drt
=710  2\$aGrupo de Teatro Catalinas Sur.$4pro
=710  2\$aHemispheric Institute Digital Video Library.
=830  \0$aGrupo de Teatro Catalinas Sur collection
=856  40$uhttp://hdl.handle.net/2333.1/2bvq83j3

