=LDR  04432ngm  2200469 a 4500
=001  003993776
=005  20140601211159.0
=006  m\\\\\\\\c\\\\\\\\
=007  cr\cna|||m|||a
=007  cr\|||||||||||
=008  140528s1999\\\\bl\107\\\\\\\\s\\\vlpor\d
=024  7\$aHI2013_031_01$2nyu-hidvl
=040  \\$aNNU$beng$cNNU
=041  0\$apor
=043  \\$as-bl---
=245  00$aHamlet Máquina$h[videorecording] =$bHamletmachine /$cadaptation of the play by Heiner Müller ; collective creation by Tribo de Atuadores Ói Nóis Aqui Traveiz.
=246  31$aHamletmachine
=260  \\$c1999.
=300  \\$3viewing copy.$astreaming video (106 mins., 30 secs.) :$bsd., col.
=490  1\$aTribo de Atuadores Ói Nóis Aqui Traveiz collection
=500  \\$aTitle supplied by the Hemispheric Institute.
=546  \\$aIn Portuguese.
=500  \\$aPart of the Hemispheric Institute Digital Video Library.
=508  \\$aTânia Farias, costumes; Renan Leandro, masks; Clélio Cardoso, Denise Souza, Diego Comerlato, and Mauro Rodrigues, lighting; Alex de Souza, music; Alex de Souza, soundtrack.
=511  1\$aAlex de Souza, Carla Moura, Clélio Cardoso, David Ouriques, Dedy Ricardo, Paulo Flores, Renan Leandro, Renato Linhares, Sandro Marques, Tânia Farias, Anna Fuão, André Luís, Denise Souza, and Edgar Alves, performers.
=518  \\$aRecorded in Porto Alegre, Brazil, in 1999.
=520  \\$aBased in Porto Alegre, The Tribo de Atuadores Ói Nóis Aqui Traveiz was born in 1978 out of a desire for a radical renovation of the language of theatre. During the several years of their existence, they have created a personal aesthetics founded upon the authorial work of the actor, both on the stage and on the streets. Their venue, the Terreira da Tribo de Atuadores Ói Nóis Aqui Traveiz, works as a community theatre school, offering several free workshops open to the public. Their tribal organization is based on the principle of collective work, both in the creative process and in the maintenance of the space. For Ói Nóis Aqui Traveiz, theater is an instrument for both revealing and analyzing reality, and it's function is social: to contribute to the collective knowledge and to the improvement of the quality of life of the people. In a world marked by exclusion, marginalization, homogenization, by dehumanizing and barbaric efforts, they see it as their moral imperative to denounce injustice, sold opinions, authoritarianism, mediocrity and the erasing of memory. Ói Nóis sees theatre as an art of resistance, in the service of arts and politics, an art that does not fit the market patterns for ethics and aesthetics. Instead, they see theater as a way of life and as a vehicle for ideas: a theater that does not comment on life, but that takes part in it.
=520  \\$aIn Hamletmachine, Heiner Müller finds the site for the revolutionary construction of a new theater. His texts are formed of fragments, shattered scenes, and derisory monologues, stimuli for the creative invention of a performed reality, the only reality capable of transgressively translating the complexity of contemporary existence. In one of the final scenes in Ói Nóis' adaptation, the dead figure of Stalin appears in the TV monitors, while three naked actresses parade wearing giant heads of Marx, Lenin and Mao. The characters and scenes are pulverized and multifaceted, allowing for distinct and contradictory readings, which provide for countless concrete political interpretations and symbolic references.
=534  \\$pMedia source original:$e1 videocassette (VHS) : sd., col. ; 1/2 in. SP.$mKodak T-120.
=540  \\$aThere are copyright restrictions on this collection. For more information, go to the online version of this video.
=650  \0$aHamlet (Legendary character)$vDrama.
=650  \0$aTheater$zBrazil$zPorto Alegre (Rio Grande do Sul).
=650  \0$aTheater$xPolitical aspects$zBrazil.
=655  \7$aPerformance.$2nyu-hidvl
=655  \7$aTheater.$2nyu-hidvl
=655  \7$aCollective creation.$2nyu-hidvl
=700  1\$aMüller, Heiner,$d1929-1995.$tHamletmachine.
=710  2\$aOi Nóis Aqui Traveiz (Theater group : Porto Alegre, Rio Grande do Sul, Brazil),$ecreator.
=710  2\$aHemispheric Institute Digital Video Library.
=830  \0$aTribo de Atuadores Oi Nóis Aqui Traveiz collection.
=856  40$uhttp://hdl.handle.net/2333.1/pzgmsd8x

