=LDR  03510cgm a22006015a 4500
=001  000507112
=003  NNU
=004  NYUb13495163
=005  20080219154246.0
=006  m\\\\\\\\z\\\\\\\\
=007  vd\cvaizu
=007  vf\ciahou
=007  cr\cna
=007  cr\|||||||||||
=008  070509e19990812ck\058\\\\\\\\\\\\vlspa\d
=024  7\$aHI2006_078_01$2nyu-hidvl
=024  7\$aHI2006.078_01$2nyu-hidvl
=040  \\$aNNU$cNNU$eamim
=043  \\$as-ck---
=245  00$aInterview with Lisímaco Núñez$h[videorecording].
=246  3\$aInterview with Lisímaco Núñez (Teatro Experimental de Cali)
=246  30$aLisímaco Núñez
=260  \\$c1999 Aug. 12.
=300  \\$3master.$a1 videocassette of 1 (Digital Betacam) (58 min.) :$bsd., col. ;$c1/2 in.
=300  \\$3viewing copy.$a1 videodisc of 1 (DVD) (58 min.) :$bsd., col. ;$c4 3/4 in.
=490  1\$aTeatros de Colombia, 1999 collection
=530  \\$aAlso available online as streaming video.
=546  \\$aIn Spanish.
=500  \\$aTitle supplied by Hemispheric Institute.
=500  \\$aPart of the Hemispheric Institute Digital Video Library.
=534  \\$pMedia source original:$e1 videocassette of 1 (Mini DV) : sd., col. ; 1/4 in. SP.$mPanasonic.
=518  \\$aInterviewed in Cali, Colombia, on Aug. 12, 1999.
=508  \\$aAlma Martinez, producer, creator, videographer.
=511  0\$aLisímaco Núñez, interviewee ; Alma Martinez, interviewer.
=520  \\$aInterview with Colombian actor and member of the theater ensemble Teatro Experimental de Cali (TEC) Lisímaco Núñez, conducted by Chicano theater scholar Alma Martinez. In this interview, Núñez talks about his artistic trajectory and his experiences working as a member of TEC. The actor discusses the aesthetic idiosyncrasies of the group, their acting techniques, the choices of dramatic texts, the exploration of elements seemingly external to the theater realm (martial arts, etc.), and some of the theoretical and artistic influences shaping the work of the group. Lisímaco also talks about the interplay between arts and politics, discussing theater as a possible alternative space for social expression. Collective creation is discussed, as well as the points of contact and divergence between the TEC and other renowned Colombian theater groups (like La Candelaria, directed by Santiago García). The artist extends his analysis of the connections between theater groups to the influences and relationships between Colombian, Latin American and Chicano theaters, posing a reflection on the complexities of culture inserted in a broader sociopolitical and artistic hemispheric context.
=540  \\$aThere are copyright restrictions on this collection. For more information, go to the online version of this video.
=600  10$aNúñez, Lisímaco$vInterviews.
=610  20$aTeatro Experimental de Cali.
=650  \0$aTheater$zColombia.
=650  \0$aActors$zColombia.
=653  \\$aCollective creation
=653  \\$aChicano theater
=655  \7$aInterview.$2nyu-hidvl
=700  1\$aNúñez, Lisímaco.$4ive
=700  1\$aMartinez, Alma.$4pro$4cre$4vdg$4ivr
=710  2\$aHemispheric Institute Digital Video Library.
=830  \0$aTeatros de Colombia, 1999 collection.
=856  40$uhttp://hdl.handle.net/2333.1/tmpg4ffk

