=LDR  05204cgm a22007695a 4500
=001  000514056
=003  NNU
=004  NYUb13502755
=005  20140421143842.0
=006  m\\\\\\\\z\\\\\\\\
=007  vd\cvaizu
=007  vf\ciahou
=007  cr\cna
=007  \\vd
=007  cr\|||||||||||
=008  070606s1999\\\\cu\094\\\\\\\\\\\\vlspa\d
=024  7\$aHI2007_030_A_01$2nyu-hidvl
=024  7\$aHI2007_030_B_01$2nyu-hidvl
=024  7\$aHI2007.030_01_A$2nyu-hidvl
=035  \\$a(NYU)NYUb13502755
=040  \\$aNNU$cNNU$eamim
=043  \\$anwcu---$acl-----
=245  03$aLa vida en rosa$h[videorecording].
=246  3\$aVida en rosa :$buna tragedia musical
=260  \\$c1999.
=300  \\$3master.$a2 videocassettes of 2 (Digital Betacam) (94 min.) :$bsd., col. ;$c1/2 in.
=300  \\$3viewing copy.$a2 videodiscs of 2 (DVD) (94 min. : pt.A, 71 min. ; pt.B, 23 min.) :$bsd., col. ;$c4 3/4 in.
=490  1\$aTeatro Buendía collection
=530  \\$aAlso available online as streaming video.
=546  \\$aIn Spanish.
=500  \\$aTitle supplied by Hemispheric Institute.
=500  \\$aPart of the Hemispheric Institute Digital Video Library.
=534  \\$pMedia source original:$e1 videocassette of 1 (VHS) : sd., col. ; 1/2 in. SP.
=518  \\$aPerformed in La Habana, Cuba, in 1999.
=508  \\$aTeatro Buendía, producer ; Nuria Núñez, producer ; Flora Lauten, director ; Raquel Carrió, Flora Lauten, writers ; based on 'Réquiem por Yarini' by Carlos Felipe ; José Miura, set & costume design ; Manolo Garriga, lighting design ; Alexander Varona, Kenia Bernal, choreography ; Carlos Fernández, sound ; Jorge Luis García, Eron Jimmy, assistant directors ; Aurora Delgado, Noelia Pérez, Ministerio de Cultura, costumes ; Flora Lauten, music selection ; Diego Sosa, props ; Sandrino, carpentry.
=511  1\$aAntonio Fernández, Leandro Espinosa, Mijail Mulkay, Leonid Simeón, Pablo Guevara, Juana García, Mariela Ramos, José A. Alonso, Sarimé Álvarez, Dania Aguerreberrez, Carlos Cruz, Alejandro Alfonso, Giselle Navaroli, Javier Caballero, Yanell López, Jomary Hechavarría (musician), Leandro Moret (musician), Juan Larrinaga (musician), Carlos Fernández (musician), Agustín Gómez (musician), José Suárez (musician).
=520  \\$aAn adaptation of "Réquiem por Yarini", a play written in the '60s by Cuban playwright Carlos Felipe, "La Vida en Rosa" is the story of Alejandro Yarini, a pimp and politician stabbed to death in the early 1900s. A "musical tragedy", the piece revolves around a love triangle in an environment ruled by foreign capital, prostitution and tourism, a tropical masquerade in cabaret style where song and dance are mask sadness, innocence, tragedy. The play is an exploration of passion, questioning heritage and myth, a critical look at the past and the manifold structures of time. Teatro Buendía, formed in 1986 by graduates from the Higher Institute of Arts, Havana, and directed by Flora Lauten, is Cuba's most celebrated theater company. Since its foundation, they have developed two parallel lines of work: the production of theater spectacles, and a permanent research center investigating Latin American and Caribbean cultural traditions, the expressive possibilities of the actor, and the renewal of scenic languages. The study of the possible relations between music, dance, and interpretation, as well as the formulation of new forms of scenic writing and dramaturgy of the spectacle, has consolidated Teatro Buendía's international prestige as a company that has presented their repertoire in the most demanding festivals and venues of Latin America, Europe, North America, Asia, Africa and Australia, all to critical acclaim. They also tour internationally giving workshops, seminars and conferences on their cultural investigations and creative methods.
=540  \\$aThere are copyright restrictions on this collection. For more information, go to the online version of this video.
=600  10$aFelipe, Carlos.$tRequiem por Yarini.
=650  \0$aPerforming arts$zCuba.
=650  \0$aMusical theater$zCuba.
=650  \0$aTheater$zCuba.
=653  \\$aYarini, Alejandro
=653  \\$aCuban theater
=655  \7$aPerformance.$2nyu-hidvl
=655  \7$aTheater.$2nyu-hidvl
=655  \7$aCuban theater.$2nyu-hidvl
=655  \7$aPerformances (entertainment events).$2aat
=655  \7$aPerformance art.$2aat
=655  \7$aTheater (discipline).$2aat
=655  \7$aTragedy (literary, oral and motion picture genre).$2aat
=700  1\$aNúñez, Nuria.$4pro
=700  1\$aLauten, Flora.$4drt$4adp
=700  1\$aCarrió Ibietatorremendía, Raquel.$4adp
=700  1\$aFelipe, Carlos.$tRequiem por Yarini.
=710  2\$aTeatro Buendía.$4pro
=710  2\$aHemispheric Institute Digital Video Library.
=830  \0$aTeatro Buendía collection.
=853  00$81$apt.
=863  50$81.1$aA$p31142045845487
=863  50$81.2$aB$p31142045845495
=856  40$uhttp://hdl.handle.net/2333.1/ngf1vht9
=954  \\$81$aVolumes

