=LDR  06272cgm a22007335a 4500
=001  000505813
=003  NNU
=004  NYUb13493709
=005  20140421143302.0
=006  m\\\\\\\\z\\\\\\\\
=007  vd\cvaizu
=007  vf\ciahou
=007  cr\cna
=007  cr\|||||||||||
=007  \\cr
=008  070503e199911uumx\101\\\\\\\\\\\\vlspa\d
=024  7\$aHI2006_057_A_01$2nyu-hidvl
=024  7\$aHI2006_057_B_01$2nyu-hidvl
=024  7\$aHI2006.057_01_A$2nyu-hidvl
=040  \\$aNNU$cNNU$eamim
=043  \\$an-mx---
=245  00$aPalenque político$h[videorecording].
=246  31$aPolitical cockpit
=260  \\$c1999 Nov.
=300  \\$3master.$a2 videocassettes of 2 (Digital Betacam) (101 min.) :$bsd., col. ;$c1/2 in.
=300  \\$3viewing copy.$a2 videodiscs of 2 (DVD) (101 min.) :$bsd., col. ;$c4 3/4 in.
=490  1\$aEl Hábito collection
=530  \\$aAlso available online as streaming video.
=546  \\$aIn Spanish.
=500  \\$aTitle supplied by Hemispheric Institute.
=500  \\$aPart of the Hemispheric Institute Digital Video Library.
=534  \\$pMedia source original:$e1 videocasstte of 1 (VHS) : sd., col. ; 1/2 in. SP.$mT-120.
=518  \\$aPerformed at Teatro Bar El Hábito, Mexico City, in Nov. 1999.
=508  \\$aJesusa Rodríguez, writer, director, producer ; Liliana Felipe, producer, music.
=511  1\$aJesusa Rodríguez, Isela Vega, Yoma Vela, Roberto Cabral, Liliana Felipe (musician).
=520  \\$aIn this 'political-poetical-philosophical-musical' cabaret performance, Jesusa Rodríguez and Liliana Felipe take on Mexico's electoral climate in order to pose a comment on ethics, politics, Mexican folklore and pop culture. Rodríguez populates the scenario of the 'palenque' ('cockpit', a place for popular gambling games like cockfighting) with chameleonic characters Chona Schopenhauer ('the only ranchera philosopher'), Pita Amor (an old-fashioned, affected performer of poetry) and Don Andrés Soler (a very macho, politically conservative old man), among others, through which the artist criticizes the corruption and violence associated with Mexico's political climate. In a 'phenomenology of fortuitous becoming', the universe is portrayed as 'a palenque where anything could happen', and Mexican electoral processes as a 'gamble'. 
=520  \\$aIn this vein, and interspersed with parodic renditions of traditional folk songs by Rodríguez and 'sexy ranchera' Isela Vega (a famous Mexican vedette), the audience is invited to play a satirical Mexican 'lotería' (with cards like 'The Wetback', 'The Zapatista', 'The First Lady', and 'The ATM' substituting the traditional icons of this popular game) and to gamble, control, and judge an electoral 'cockfight' where puppets of political candidates race to be the first to reach the finishing line of Mexico's presidency. Mexican director, actress, playwright, performance artist, scenographer, entrepreneur, and social activist Jesusa Rodríguez has been called the most important woman of Mexico. Often referred to as a 'chameleon,' Rodríguez moves seemingly effortlessly and with vigor across the spectrum of cultural forms, styles, and tones.   
=520  \\$aHer 'espectáculos' (as both spectacles and shows) challenge traditional classification, crossing with ease generic boundaries: from elite to popular to mass, from Greek tragedy to cabaret, from pre-Columbian indigenous to opera, from revue, sketch and 'carpa,' to performative acts within political projects. Humor, satire, linguistic play, and the body are constants in her productions. She seeks to render corporal and, thus, visible, the tensions between the discourses in operation on and through the individual and collective body. Rodríguez's energy is intense and her commitment non-negotiable, always interrogating the nature, site, and consequences of power and its representation. Liliana Felipe, one of Latin America's foremost singers and composers, was born in Argentina in the 1950s. She left for Mexico just before the outbreak of the 'Dirty War' (1976), but her sister and brother-in-law were both 'disappeared'--victims of the military dictatorship's criminal politics.   
=520  \\$aLiliana's music has a wide following in Latin America. She continues to be a powerful presence in Argentina, working with human rights organizations--especially H.I.J.O.S. (the organization of the children of the disappeared). In Mexico, Liliana went to one of Jesusa Rodríguez's performances. Jesusa, catching a glimpse of Felipe in the audience, remembers saying to herself: 'I am going to die with that woman.' Since then, Liliana and Jesusa have created two performance spaces, El Cuervo and later El Hábito in Coyoacán, Mexico City, that they still run. They 'married' in February 2000. El Hábito (www.elhabito.com.mx) is a hotbed for intellectuals, feminists, gay rights activists and open-minded, progressive people who want to be engaged by a smart and critical humor. In this off-off space, and with the collaboration of their theater cooperative Las Divas, Jesusa y Liliana have produced hundreds of shows since the 1980s.  
=540  \\$aThere are copyright restrictions on this collection. For more information, go to the online version of this video.
=650  \0$aElections$zMexico.
=653  \\$aCabaret
=653  \\$aMexico electoral politics
=655  \7$aPerformance.$2nyu-hidvl
=655  \7$aCabaret.$2nyu-hidvl
=655  \7$aTheater.$2nyu-hidvl
=655  \7$aPolitical performance.$2nyu-hidvl
=655  \7$aSatire.$2nyu-hidvl
=655  \7$aQueer performance.$2nyu-hidvl
=700  1\$aRodríguez, Jesusa.$4pro$4aut$4drt$4prf
=700  1\$aFelipe, Liliana.$4pro$4cmp$4prf
=710  2\$aTeatro Bar el Hábito.
=710  2\$aHemispheric Institute Digital Video Library.
=830  \0$aJesusa Rodríguez & Liliana Felipe : El Hábito collection.
=856  40$uhttp://hdl.handle.net/2333.1/1c59zw8p
=853  20$81$apt.
=863  50$81.1$aA$p31142045835694
=863  50$81.2$aB$p31142045835686
=954  \\$81$aVolumes

