=LDR  04531cgm a2200661 a 4500
=001  003744043
=004  003744043
=005  20140421210447.0
=006  m\\\\\\\\z\\\\\\\\
=007  vd\cvaizu
=007  cr\cna|||m|||a
=007  cr\|||||||||||
=007  vd\cvaizu
=008  130425e19990604mx\087\\\\\\\\\\\\vlspa\d
=024  7\$aHI2011_010_01$2nyu-hidvl
=024  7\$aHI2011_011_01$2nyu-hidvl
=024  7\$aHI2011.010_01$2nyu-hidvl
=024  7\$aHI2011.011_01$2nyu-hidvl
=040  \\$aNNU$beng$cNNU
=041  0\$aspa
=043  \\$an-mx---
=245  00$aInterview with Jesusa Rodríguez$h[videorecording] :$bOn a Mesoamerican Acting Technique - Malinche /$cHemispheric Institute of Performance and Politics, producer.
=246  30$aJesusa Rodríguez :$bOn a Mesoamerican Acting Technique - Malinche
=246  30$aOn a Mesoamerican Acting Technique - Malinche
=260  \\$c1999 June 4.
=300  \\$3viewing copy.$a2 videodiscs of 2 (DVD) (86 min., 39 sec.: pt.1, 32 min., 32 sec.; pt.2, 54 min., 7 sec.) :$bsd., col. ;$c4 3/4 in.
=490  1\$aHemispheric Institute featured interviews
=546  \\$aIn Spanish.
=500  \\$aTitle supplied by Hemispheric Institute.
=500  \\$aPart of the Hemispheric Institute Digital Video Library.
=518  \\$aRecorded in Mexico on June 4, 1999.
=511  1\$aJesusa Rodríguez, interviewee ; Diana Taylor, interviewer.
=520  \\$aInterview with Jesusa Rodríguez, conducted by Diana Taylor, founding director of the Hemispheric Institute of Performance and Politics. In this interview, Jesusa Rodríguez discusses the possibility of developing a non-Western, Mesoamerican acting technique, based in a pre-Hispanic conception of the human being, which understands the body in a conjunction of mind and spirit. Jesusa Rodríguez follows Alfredo Federico López Austin’s research on the Aztec worldview and on Mesoamerican religion, and explains how she concentrates her strength in bodily channeling the persons she characterizes in her shows. In the second part of this interview, she channels La Malinche, the interpreter and lover of Hernán Cortés in Mexico’s Conquest, to tell her true story. Through this example, and in a dialogue with contemporary indigenous communities’ struggles, Jesusa Rodríguez proposes alternative ways of knowledge, and alternative art and performance techniques, based on indigenous worldviews.
=520  \\$aJesusa Rodríguez is Mexico’s most influential cabaret and political performance artist, and recipient of an Obie Award. Often referred to as a chameleon, Rodríguez moves seemingly effortlessly and with vigor across the spectrum of cultural forms, styles, and tones. Her work challenges traditional classification, crossing with ease generic boundaries: from elite to popular to mass; from Greek tragedy to cabaret; from pre-Columbian indigenous to opera; from revue, sketch and carpa, to performative acts within political projects. She ran the famous El Hábito in Mexico City with her partner, Liliana Felipe, where they staged hundreds of shows over the course of fifteen years. Most recently, she heads up the Resistencia Creativa movement in Mexico, whose key strategy is using ‘massive cabaret’ as a tool for political action.
=530  \\$aAlso available online as streaming video.
=534  \\$pMedia source original:$e2 videocassettes of 2 (Mini DV) : sd., col. ; 1/4 in. SP.$mSony DV Excellence DVM30 and Panasonic 90 ME 60/90
=540  \\$aThere are copyright restrictions on this collection. For more information, go to the online version of this video.
=600  10$aRodríguez, Jesusa$vInterviews.
=651  \0$aMexico$xHistory$yConquest, 1519-1540.
=651  \0$aMexico$xCivilization.
=600  10$aLópez Austin, Alfredo.$tPasado indígena.
=650  \0$aIndians of Mexico.
=651  \0$aCerro de la Malinche Site (Mexico)
=600  00$aMarina,$dapproximately 1505-approximately 1530.
=650  \0$aAztec mythology.
=650  \0$aAztecs$xReligion.
=655  \7$aInterview.$2nyu-hidvl
=700  1\$aRodríguez, Jesusa.$4ive
=700  1\$aTaylor, Diana,$d1950-$4ivr
=710  2\$aHemispheric Institute of Performance and Politics.$4pro
=710  2\$aHemispheric Institute Digital Video Library.
=830  \0$aHemispheric Institute featured interviews.
=856  40$uhttp://hdl.handle.net/2333.1/cc2fr0tq
=853  00$81$adisc
=863  \\$81.1$a1
=863  \\$81.2$a2

