=LDR  05916cgm a2200757 a 4500
=001  000031307
=003  NNU
=004  NYUb13612167
=005  20140421145905.0
=006  m\\\\\\\\z\\\\\\\\
=007  vd\cvaizu
=007  vf\ciahou
=007  cr\cna
=007  cr\|||||||||||
=008  080508e19990703nyu147\\\\\\\\\\\\vleng\d
=024  7\$aHI2007_260_A_01$2nyu-hidvl
=024  7\$aHI2007_260_B_01$2nyu-hidvl
=024  7\$aHI2007.260_01_A$2nyu-hidvl
=024  7\$aHI2007.260_01_B$2nyu-hidvl
=035  \\$a(NYU)NYUb13612167
=040  \\$aNNU$cNNU$eamim
=043  \\$ae-dk---
=079  \\$a(OCoLC)878606442
=245  00$aHamlet$h[videorecording].
=260  \\$c1999 July 3.
=300  \\$3viewing copy.$a2 videodiscs of 2 (DVD) (147 min.: pt.A, 75 min. ; pt.B, 72 min.) :$bsd., col. ;$c4 3/4 in.
=300  \\$3master.$a2 videocassettes of 2 (Digital Betacam) (147 min.) :$bsd., col. ;$c1/2 in.
=490  1\$aRichard Schechner's Productions collection
=530  \\$aAlso available online as streaming video.
=546  \\$aIn English.
=500  \\$aTitle supplied by Hemispheric Institute.
=500  \\$aPart of the Hemispheric Institute Digital Video Library.
=534  \\$pMedia source original:$e1 videocassettes of 1 (VHS) : sd., col. ; 1/2 in. SP.$mMaxell T-160.
=518  \\$aPerformed at the Performing Garage, New York City, on July 3, 1999.
=508  \\$aRichard Schechner, producer, director ; East Coast Artists, producer ; William Shakespeare, writer ; Erol Tamerman, music director, original music ; Liz Claire, original music, choreographer ; Shari Krauss, stage manager ; Dan Jagendorf, sets ; Colin Young, lighting ; Louisa Thompson, costumes ; Stephen Weitz, fight coach.
=511  1\$aGeorge Hannah (Hamlet), Gerry Bamman (Ghost, Claudius), Marissa Copeland (Gertrude), Paula Murray Cole (Ofelia), David Letwin (Horatio), Omar Shapli (Polonius, Priest), Scott Harrison (Laertes), Michele Minnick (Rosencrantz), Debora Cahn (Guilderstone), Elizabeth Claire (Woman with Violin), Lars Hansen (Francisco, Voltemar, Player King, Fortinbras), David Anzuelo (Bernardo, Montano, Captain, Gravedigger 2, Osrick), Don Campbell (Marcellus, Lucianus, Messenger, Gravedigger 1), Stephen Clapp (Cornelius, Prologist, Sailor, Ambassador) ; Andrea Larson (musician), Erol Tamerman (musician), Laura Biaggi (musician), Rebecca Ortese (singer), Becke Wilenski (Player Queen).
=520  \\$aFor this East Coast Artists production, Schechner largely used the 1603 First Quarto and character names derived from earlier source texts. Schechner proposes a collision of 21st century American popular culture, Elizabethan poetry, and a medieval Danish story. Using contemporary U.S. idiomatic expressions, ballroom dancing, and pop icons such as Marilyn Monroe (Gertred) and Shirley Temple (Ofelia), 'Hamlet' embodies a cyclone of tragedy enacted within the postmodernity of the 21st century. As Schechner writes in his program note, Monroe and others steal the words of Shakespeare's characters and haunt the play from the future - just as Gertrude, an ancient woman, haunts it from the past. Claudius is both a Viking pirate and a contemporary globalizing marauder, blustering and handsome. Polonius is a talking head, a TV pundit full of shopworn sagacity. Rosencrantz and Guildenstern are literally rats, their tails trailing behind them as they do tap routines. 
=520  \\$aClaudius hums Broadway tunes. The 'Get thee to a nunnery' scene transforms from a ballroom dance number into a violent encounter. Polonius is in an incestuous relationship with Ofelia who is much too old to wear the clothes she does. When her father is murdered, Ofelia cracks up. Hamlet is angry, lost, an outsider in his own home, ironic, crazy, and determined in his indeterminacy. Richard Schechner is a theater director, performance theorist and university professor known for being one of the founders of the academic discipline of Performance Studies at Tisch School of the Arts, New York University. Schechner combines his work in anthropology with innovative approaches to performance of all kinds including ritual, drama, environmental theater, political rallies, dance, music, etc. in order to consider how performance can be understood not just as an object of study, but also as an active intellectual-artistic practice.   
=520  \\$aHe is the editor of 'TDR: The Journal of Performance Studies.' His books include 'Environmental Theater,' 'The Future of Ritual,' 'Performance Theory,' 'Between Theater and Anthropology' and 'Performance Studies: An Introduction.' As of 2007, his books have been translated into 14 languages.  
=540  \\$aThere are copyright restrictions on this collection. For more information, go to the online version of this video.
=600  10$aShakespeare, William,$d1564-1616.$tHamlet$vAdaptations.
=650  \0$aPopular culture$xAmerican influences.
=650  \0$aPopular culture$y20th century.
=650  \0$aPrinces$zDenmark$vDrama.
=650  \0$aMurder$zDenmark$vDrama.
=650  \0$aRevenge$vDrama.
=653  \\$aAmerican popular culture
=655  \7$aPerformance.$2nyu-hidvl
=655  \7$aTheater.$2nyu-hidvl
=655  \7$aExperimental theater.$2nyu-hidvl
=700  1\$aSchechner, Richard,$d1934-$4pro$4drt
=700  1\$aShakespeare, William,$d1564-1616.$tHamlet.
=700  1\$aTamerman, Erol.$4drt$4mus
=700  1\$aClaire, Liz.$4mus$4chr
=710  2\$aEast Coast Artists.$4pro
=710  2\$aHemispheric Institute Digital Video Library.
=830  \0$aRichard Schechner's Productions collection
=856  40$uhttp://hdl.handle.net/2333.1/3ffbg7jf
=853  00$81$apt.
=863  50$81.1$aA$p31142047316370
=863  50$81.2$aB$p31142047316388
=954  \\$81$aVolumes

