=LDR  04518cgm a2200685 a 4500
=001  000539599
=003  NNU
=004  NYUb13530709
=005  20090409123108.0
=006  m\\\\\\\\z\\\\\\\\
=007  vd\cvaizu
=007  vf\ciahou
=007  cr\cna
=007  cr\|||||||||||
=008  070829s1999\\\\cau106\\\\\\\\\\\\vleng\d
=024  7\$aHI2007_072_01$2nyu-hidvl
=024  7\$aHI2007_073_01$2nyu-hidvl
=024  7\$aHI2007.072_01$2nyu-hidvl
=040  \\$aNNU$cNNU$eamim
=041  0\$aeng$aspa
=245  04$aThe shrunken head of Pancho villa$h[videorecording]
=260  \\$c1999.
=300  \\$3master.$a2 videocassettse of 2 (Digital Betacam) (106 min.) :$bsd., col. ;$c1/2 in.
=300  \\$3viewing copy.$a2 videodiscs of 2 (DVD) (106 min. : pt.1, 63 min. ; pt.2, 43 min.) :$bsd., col. ;$c4 3/4 in.
=490  1\$aEl Teatro Campesino collection
=530  \\$aAlso available online as streaming video.
=546  \\$aIn English, Spanish, and Spanglish.
=500  \\$aTitle supplied by Hemispheric Institute.
=500  \\$aPart of the Hemispheric Institute Digital Video Library.
=534  \\$pMedia source original:$e2 videocassettes of 2 (Mini DV) : sd., col. ; 1/4 in. SP.$mSony DVM60 ME.
=518  \\$aPerformed in San Juan Bautista, California, in 1999.
=508  \\$aEl Teatro Campesino, producer; Kinan Valdez, director; Luis Valdez, writer.
=511  1\$aBerta Desidero, Cesar Flores, Seth Millwood, Lakin Valdez, Adela Ruiz, Anahuac Valdez, Josh Sanchez, Jeff Mirrione.
=520  \\$aFounded in 1965 by Luis Valdez, El Teatro Campesino was initially the cultural wing of the United Farm Workers union in California's central valley. With a pointed political mission, ETC performed their actos in the fields, agitprop improvisations communicated eloquently with the workers, who could neither read nor write, but recognized themselves and their values in the actos. By 1970 ETC had gained an international reputation, with major contributions to Chicano culture in the U.S. and to the development and expansion of the boundaries of theater everywhere. Theirs is a popular theater rooted in the American streets, early California history, Mayan/Aztec mythology and Mexican folklore and spiritualism, all geared toward expression of social, political and cultural perceptions. The Shrunken Head of Pancho Villa (1964) is the first full-length play written by Luis Valdez. A raucous absurdist comedy about Mexican-Americans on the verge of the Chicano Civil Rights movement of the 1960s, the play sends up racist stereotypes still deeply entrenched in the 1950s, including the wino father, long suffering mother, the juvenile delinquent son, the pregnant/unwed daughter, the indigent older brother, the shell-shocked son home from the war, and the whole family on welfare. To complete his assault on prejudicial images, Valdez throws in ubiquitous head lice and giant cucarachas (cockroaches). But the capper is the character of the totally dependent oldest son, Belarmino (Belo), whose physical handicap is extreme: he has no body. Belo is a bodiless head, who cannot even talk, except to sing La Cucaracha, with a vengeance. Crawling with lice, drooling and grunting, Belos gargantuan appetite keeps his family broke, until brother Mingo comes home from the army determined to change things. Thats when the head begins to talk.
=540  \\$aThere are copyright restrictions on this collection. For more information, go to the online version of this video.
=650  \0$aChicano movement$vDrama.
=650  \0$aCivil rights movements$vDrama.
=650  \0$aMexican Americans$vDrama.
=650  \0$aStereotypes (Social psychology)
=650  \0$aTheater of the absurd.
=653  \\$aMexican-American stereotypes
=653  \\$aChicano theater
=655  \7$aPerformances (entertainment events).$2aat
=655  \7$aPerformance art.$2aat
=655  \7$aTheater (discipline).$2aat
=700  1\$aValdez, Kinan.$4drt
=700  1\$aValdez, Luis.$4aut
=710  2\$aTeatro Campesino (Organization)
=710  2\$aHemispheric Institute Digital Video Library.
=830  \3$aEl Teatro Campesino collection.
=856  40$uhttp://hdl.handle.net/2333.1/280gb5vb
=853  00$81$apt.
=863  50$81.1$a1$p31142045977512
=863  50$81.2$a2$p31142042580384
=954  \\$81$aVolumes

