=LDR  03549cgm a22006015a 4500
=001  000508902
=003  NNU
=004  NYUb13497076
=005  20080222152344.0
=006  m\\\\\\\\z\\\\\\\\
=007  vd\cvaizu
=007  vf\ciahou
=007  cr\cna
=007  cr\|||||||||||
=008  070515e19990819ck\062\\\\\\\\\\\\vlspa\d
=024  7\$aHI2006_091_01$2nyu-hidvl
=024  7\$aHI2006.091_01$2nyu-hidvl
=040  \\$aNNU$cNNU$eamim
=043  \\$as-ck---
=245  00$aInterview with Jorge Vargas$h[videorecording].
=246  3\$aInterview with Jorge Vargas (Teatro Taller de Colombia)
=246  30$aJorge Vargas
=260  \\$c1999 Aug. 19.
=300  \\$3master.$a1 videocassette of 1 (Digital Betacam) (62 min.) :$bsd., col. ;$c1/2 in.
=300  \\$3viewing copy.$a1 videodisc of 1 (DVD) (62 min.) :$bsd., col. ;$c4 3/4 in.
=490  1\$aTeatros de Colombia, 1999 collection
=530  \\$aAlso available online as streaming video.
=546  \\$aIn Spanish.
=500  \\$aTitle supplied by Hemispheric Institute.
=500  \\$aPart of the Hemispheric Institute Digital Video Library.
=534  \\$pMedia source original:$e1 videocassette of 1 (Mini DV) : sd., col. ; 1/4 in. SP.$mSony DVM60.
=518  \\$aInterviewed in Bogota, Colombia, on Aug. 19, 1999.
=508  \\$aAlma Martinez, producer, creator, videographer.
=511  0\$aJorge Vargas, interviewee ; Alma Martinez, interviewer.
=520  \\$aInterview with theater director and founder of street theater ensemble Teatro Taller de Colombia, Jorge Vargas, conducted by Chicano theater scholar Alma Martinez. In this interview, Vargas comments on his life in theater, his collaboration with theater director Mario Matallana, and their founding of Teatro Taller (www.teatrotallerdecolombia.com) in Bogota, Colombia. An ensemble rooted in popular theater, street theater, and circus, the project of Teatro Taller has been nourished by Vargas' and Matallana's many travels across the world, their participation in international theater festivals, and their collaboration with theater ensembles in Europe, Latin America and the US; their direct contact with Chicano theater has been particularly influential in Teatro Taller's consolidation of its own theatrical language. Committed to the exploration and dissemination of street theater in Colombia and abroad, Teatro Taller has developed international projects of artistic collaboration, such as the Escuela Internacional de Teatro Callejero y Circo ('International Street Theater and Circus School') and the Festival Internacional de Teatro Callejero al Aire Puro ('Open Air International Street Theater Festival').
=540  \\$aThere are copyright restrictions on this collection. For more information, go to the online version of this video.
=600  10$aVargas Cullel, Jorge$vInterviews.
=610  20$aTeatro Taller de Colombia.
=650  \0$aTheater$zColombia.
=650  \0$aStreet theater$zColombia.
=650  \0$aTheatrical producers and directors$zColombia.
=653  \\$aChicano theater
=655  \7$aInterview.$2nyu-hidvl
=700  1\$aVargas Cullel, Jorge.$4ive
=700  1\$aMartinez, Alma.$4pro$4cre$4vdg$4ivr
=710  2\$aHemispheric Institute Digital Video Library.
=830  \0$aTeatros de Colombia, 1999 collection.
=856  40$uhttp://hdl.handle.net/2333.1/9p8cz94p

