=LDR  04288cgm a22006735a 4500
=001  000508950
=003  NNU
=004  NYUb13497128
=005  20080219153210.0
=006  m\\\\\\\\z\\\\\\\\
=007  vd\cvaizu
=007  vf\ciahou
=007  cr\cna
=007  \\vd
=007  cr\|||||||||||
=008  070515e19990814ck\105\\\\\\\\\\\\vlspa\d
=024  7\$aHI2006_076_01$2nyu-hidvl
=024  7\$aHI2006_077_01$2nyu-hidvl
=024  7\$aHI2006.076_01$2nyu-hidvl
=040  \\$aNNU$cNNU$eamim
=043  \\$as-ck---
=245  00$aInterview with Jacqueline Vidal$h[videorecording].
=246  3\$aInterview with Jacqueline Vidal (Teatro Experimental de Cali)
=246  30$aJacqueline Vidal
=260  \\$c1999 Aug. 14.
=300  \\$3master.$a2 videocassettes of 2 (Digital Betacam) (105 min.) :$bsd., col. ;$c1/2 in.
=300  \\$3viewing copy.$a2 videodiscs of 2 (DVD) (105 min. : pt.1, 49 min. ; pt.2, 56 min.) :$bsd., col. ;$c4 3/4 in.
=490  1\$aTeatros de Colombia, 1999 collection
=530  \\$aAlso available online as streaming video.
=546  \\$aIn Spanish.
=500  \\$aTitle supplied by Hemispheric Institute.
=500  \\$aPart of the Hemispheric Institute Digital Video Library.
=534  \\$pMedia source original:$e2 videocassettes of 2 (Mini DV) : sd., col. ; 1/4 in. SP.$mSony DVM60.
=518  \\$aInterviewed in Cali, Colombia, on Aug. 14, 1999.
=508  \\$aAlma Martinez, producer, creator, videographer.
=511  0\$aJacqueline Vidal, interviewee ; Alma Martinez, interviewer.
=520  \\$aInterview with theater practitioner Jacqueline Vidal, director of renowned theater ensemble Teatro Experimental de Cali (TEC), conducted by Chicano theater scholar Alma Martinez. In this interview, Jaqueline talks about her passage from her native France to Colombia with her husband (TEC's founder Enrique Buenaventura), her life as a theater artist, her collaborative process with Buenaventura, and the influences of her international and Colombian experiences in shaping her unique directing style. Collective creation is discussed, paying special attention to considerations of space, the dialogue between the dramatic text and the actors, and the presence of myths in theater plays; Vidal has always felt passionate for the spatial, non-verbal communication between people and how these elements shape a theater capable of making the everyday shake, rendering the invisible visible, and opening a space for imagination, for the possibility of living in an alternative, organic world in a time where fragmentation permeates social interaction. In conversation with Martinez, the artist discusses the aesthetic and political points of contact between Chicano and Colombian theater. Luis Valdez and El Teatro Campesino's interplay between 'wonderful theater' and 'responsible politics', argues Vidal, has been influential to the joint efforts by prestigious Colombian theater practitioners to bridge their artistic and political practices through collaboration, the organization of festivals, joint seminars, etc. Issues of mestizaje, art, politics and gender are also discussed by Vidal, paying special attention to the role and participation of women in Latin American and Latino theater and their relationship to feminist struggles.
=540  \\$aThere are copyright restrictions on this collection. For more information, go to the online version of this video.
=600  10$aVidal, Jacqueline$vInterviews.
=610  20$aTeatro Experimental de Cali.
=650  \0$aTheater$zColombia.
=650  \0$aWomen in the theater.
=650  \0$aWomen theatrical producers and directors$zColombia.
=653  \\$aChicano theater
=655  \7$aInterview.$2nyu-hidvl
=700  1\$aVidal, Jacqueline.$4ive
=700  1\$aMartinez, Alma.$4pro$4cre$4vdg$4ivr
=710  2\$aHemispheric Institute Digital Video Library.
=830  \0$aTeatros de Colombia, 1999 collection.
=853  00$81$apt.
=863  50$81.1$a1$p31142045835421
=863  50$81.2$a2$p31142045835439
=856  40$uhttp://hdl.handle.net/2333.1/5x69p8mb
=954  \\$81$aVolumes

