=LDR  03578cgm  22006735a 4500
=001  000509297
=003  NNU
=004  NYUb13497495
=005  20080225175727.0
=006  m\\\\\\\\z\\\\\\\\
=007  vd\cvaizu
=007  vf\ciahou
=007  cr\cna
=007  cr\|||||||||||
=008  070516e199910uumx\057\\\\\\\\\\\\vlspa\d
=024  7\$aHI2006_095_01$2nyu-hidvl
=024  7\$aHI2006.095_01$2nyu-hidvl
=040  \\$aNNU$cNNU$eamim
=041  0\$aspa
=043  \\$an-mx---
=245  00$aAmores en el barranquito$h[videorecording].
=260  \\$c1999 Oct.
=300  \\$a1 videocassette of 1 (Digital Betacam) (57 min.) :$bsd., col. ;$c1/2 in.$3master.
=300  \\$a1 videodisc of 1 (DVD) (57 min.) :$bsd., col. ;$c4 3/4 in.$3viewing copy.
=490  1\$aFOMMA video collection
=530  \\$aAlso available online as streaming video.
=546  \\$aIn Spanish.
=500  \\$aTitle supplied by Hemispheric Institute.
=500  \\$aPart of the Hemispheric Institute Digital Video Library.
=534  \\$pMedia source original:$e1 videocassette of 1 (VHS) : sd., col. ; 1/2 in. SP.$mSony.
=518  \\$aPerformed at Casa FOMMA, San Cristóbal de las Casas, Chiapas, Mexico, in Oct. 1999.
=508  \\$aFortaleza de la Mujer Maya (FOMMA), producer, writer.
=511  1\$aMaría Francisca Oseguera Cruz, Juana López Mendes, Petrona de la Cruz Cruz, Isabel Juárez Espinosa, María Pérez Sántiz, Esteban Adrián Juárez.
=520  \\$aFOMMA - Fortaleza de la Mujer Maya - is a collective of Mayan women who use theatre as a tool for education and community building. They are performers, playwrights, and teachers who tour their work in their communities and internationally, performing plays that focus on women's and indigenous rights, literacy, cultural survival, ecology, health, and education in the Tzeltal and Tzotzil indigenous languages. 'Amores en el barranquito' is a tale about a young couple in love and how the way they live their lives (especially the woman's following of her husband's desires without being able to question them) leads them into hardship. As the play develops the situation worsens when the couple's children grow up: their future is jeopardized, for there are too many family members to take care of. The play acts as an invitation to reflect on issues of family planning and how responsible planning could ensure that each family member gets access to food and education.
=540  \\$aThere are copyright restrictions on this collection. For more information, go to the online version of this video.
=650  \0$aTheater$zMexico.
=650  \0$aIndigenous women.
=650  \0$aIndigenous women$xSocial conditions.
=650  \0$aWomen's rights.
=650  \0$aBirth control.
=653  \\$aNative women's issues
=653  \\$aIndigenous theater
=653  \\$aCommunity theater
=653  \\$aEducation through theater
=655  \7$aPerformance.$2nyu-hidvl
=655  \7$aTheater.$2nyu-hidvl
=655  \7$aCommunity theater.$2nyu-hidvl
=655  \7$aIndigenous theater.$2nyu-hidvl
=655  \7$aNative women's theater.$2nyu-hidvl
=655  \7$aMexican theater.$2nyu-hidvl
=710  2\$aFortaleza de la Mujer Maya (Organization)$4aut$4pro
=710  2\$aHemispheric Institute Digital Video Library.
=830  \0$aFOMMA video collection.
=856  40$uhttp://hdl.handle.net/2333.1/15dv41tr

