=LDR  03306cgm  22006495a 4500
=001  000509416
=003  NNU
=004  NYUb13497629
=005  20080225185204.0
=006  m\\\\\\\\z\\\\\\\\
=007  vd\cvaizu
=007  vf\ciahou
=007  cr\cna
=007  cr\|||||||||||
=008  070516s1999\\\\mx\046\\\\\\\\\\\\vlspa\d
=024  7\$aHI2006_101_01$2nyu-hidvl
=024  7\$aHI2006.101_01$2nyu-hidvl
=040  \\$aNNU$cNNU$eamim
=043  \\$an-mx---
=245  03$aLa vida de las Juanas$h[videorecording].
=260  \\$c1999.
=300  \\$a1 videocassette of 1 (Digital Betacam) (46 min.) :$bsd., col. ;$c1/2 in.$3master.
=300  \\$a1 videodisc of 1 (DVD) (46 min.) :$bsd., col. ;$c4 3/4 in.$3viewing copy.
=490  1\$aFOMMA video collection
=530  \\$aAlso available online as streaming video.
=546  \\$aIn Spanish.
=500  \\$aTitle supplied by Hemispheric Institute.
=500  \\$aPart of the Hemispheric Institute Digital Video Library.
=534  \\$pMedia source original:$e1 videocassette of 1 (VHS) : sd., col. ; 1/2 in. SP.$mSony.
=518  \\$aPerformed at Casa FOMMA, San Cristóbal de las Casas, Chiapas, Mexico, in 1999.
=508  \\$aFortaleza de la Mujer Maya (FOMMA), writer, producer.
=511  1\$aIsabel Juárez Espinosa, Petrona de la Cruz Cruz, María Pérez Sántiz, María Francisca Oseguera Cruz, Reina Ruiz Navarro, Faustina López Díaz.
=520  \\$aFOMMA - Fortaleza de la Mujer Maya - is a collective of Mayan women who use theater as a tool for education and community building. They are performers, playwrights, and teachers who tour their work in their communities and internationally, performing plays that focus on women's and indigenous rights, literacy, cultural survival, ecology, health, and education in the Tzeltal and Tzotzil indigenous languages. 'La vida de las Juanas' portraits a group of women who, in search of a better life, leave their community to try their luck in the city. After they are cheated and mistreated by the people they encounter in the city, they meet a woman who directs them to an institution in which they can participate in different workshops and learn to speak louder and defend themselves.
=540  \\$aThere are copyright restrictions on this collection. For more information, go to the online version of this video.
=650  \0$aTheater$zMexico.
=650  \0$aMigration, Internal.
=650  \0$aInternally displaced persons.
=650  \0$aWomen's rights.
=650  \0$aCommunity centers.
=653  \\$aDisplacement
=653  \\$aCommunity organizing
=653  \\$aIndigenous theater
=655  \7$aPerformance.$2nyu-hidvl
=655  \7$aTheater.$2nyu-hidvl
=655  \7$aCommunity theater.$2nyu-hidvl
=655  \7$aIndigenous theater.$2nyu-hidvl
=655  \7$aNative women's theater.$2nyu-hidvl
=655  \7$aMexican theater.$2nyu-hidvl
=710  2\$aFortaleza de la Mujer Maya (Organization)$4pro$4aut
=710  2\$aHemispheric Institute Digital Video Library.
=830  \0$aFOMMA video collection.
=856  40$uhttp://hdl.handle.net/2333.1/7pvmcvnb

