=LDR  03524ngm a2200481   4500
=001  004192582
=005  20151003200417.0
=006  m\\\\\\\\c\\\\\\\\
=007  cr\cna|||m|||a
=007  cr\|||||||||||
=008  151003s1999\\\\nyu008\\\\\\\\s\\\vleng\d
=024  7\$aHI2014_136_01$2nyu-hidvl
=040  \\$aNNU$beng$cNNU
=041  0\$aeng
=245  00$aGuerrilla Girls$h[videorecording] :$bsecret identities.
=260  \\$c1999.
=300  \\$3viewing copy.$astreaming video (7 min., 42 sec.) :$bsd., col.
=490  1\$aFranklin Furnace : performance and politics collection
=500  \\$aTitle supplied by the Hemispheric Institute.
=500  \\$aPart of the Hemispheric Institute Digital Video Library.
=511  1\$aPerformed by the Guerrilla Girls as the following women artists: Aphra Behn, Rosalind Franklin, Kathe Kollwitz, Audre Lorde, Claude Cahun, Tina Modotti, Ana Mendieta, Julia de Burgos, Gertrude Stein.
=518  \\$aPerformed at the Adirondack Mountains, New York, USA, in 1999.
=520  \\$aIn Secret Identities, the Guerrilla Girls discuss the exclusion of women artists, writers, and performers in art history. Concealed behind gorilla masks, the Guerrilla Girls take on the names of dead women artists - Claude Cahun, Julia de Burgos, Audre Lorde, and Ana Mendieta, among others - as a feminist gesture to counter the erasure of their work by cultural and artistic institutions. Furthermore, the video includes footage of Guerrilla Girls street actions targeting museums and galleries that fail to include women artists in their exhibitions and collections. Several women artists are listed at the end of Secret Identities as a political act to re-inscribe their names into art history, which has otherwise failed to include or recognize such contributions to art practice and discourse.
=520  \\$aThe Guerilla Girls are an anonymous women's collective that take on the names of dead women artists as pseudonyms for interventions. Concealed behind gorilla masks in action, the Guerilla Girls use various tactics to intervene in art, culture, and politics. Through the production of printed materials, publications, and performance actions, the Guerilla Girls expose political matters, convey information, and provoke discussions in public contexts. Notorious for exposing the exclusion of women artists, the Guerilla Girls have staged interventions at the Museum of Modern Art, the Venice Biennale, the Centre Pompidou, among other renowned venues. The Guerilla Girls work is presented from feminist and humorist perspectives. www.guerrillagirls.com
=534  \\$pMedia source original:$e1 videocassette (VHS) : sd., col. ; 1/2 in. SP.$mWhite box
=540  \\$aThere are copyright restrictions on this collection. For more information, go to the online version of this video.
=546  \\$aIn English.
=610  20$aGuerilla Girls (Group of artists)
=650  \0$aFeminism.
=650  \0$aFeminism and art.
=650  \0$aWomen artists.
=650  \0$aWomen in art.
=650  \0$aGender identity in art.
=650  \0$aSex discrimination against women.
=650  \0$aArts$xPolitical aspects
=650  \0$aArts and society.
=655  \7$aPerformance art$2nyu-hidvl
=655  \7$aAction$2nyu-hidvl
=710  2\$aGuerilla Girls (Group of artists)
=710  2\$aHemispheric Institute Digital Video Library.
=830  \0$aFranklin Furnace : performance and politics collection.
=856  40$uhttp://hdl.handle.net/2333.1/dz08ks43

