=LDR  05270cgm a2200781 a 4500
=001  000540819
=003  NNU
=004  NYUb13532044
=005  20090409154320.0
=006  m\\\\\\\\z\\\\\\\\
=007  vd\cvaizu
=007  vf\ciahou
=007  cr\cna
=007  cr\|||||||||||
=008  070905e20000704bl\198\\\\\\\\\\\\vlspa\d
=024  7\$aHI2007_115_01$2nyu-hidvl
=024  7\$aHI2007_116_01$2nyu-hidvl
=024  7\$aHI2007_117_01$2nyu-hidvl
=024  7\$aHI2007_118_01$2nyu-hidvl
=024  7\$aHI2007.115_01$2nyu-hidvl
=035  \\$a(NYU)NYUb13532044
=040  \\$aNNU$cNNU$eamim
=041  0\$aspa$apor
=079  \\$a(OCoLC)878606908
=245  00$aAugusto Boal and the Theater of the Oppressed$h[videorecording].
=246  3\$aAugusto Boal & Centro de Teatro do Oprimido
=260  \\$c2000 July 4.
=300  \\$3viewing copy.$a4 videodiscs of 4 (DVD) (198 min. : pt.1, 58 min. ; pt.2, 32 min. ; pt.3, 61 min. ; pt.4, 47 min.) :$bsd., col. ;$c4 3/4 in.
=300  \\$3master.$a4 videocassettes of 4 (Digital Betacam) (198 min.) :$bsd., col. ;$c1/2 in.
=530  \\$aAlso available online as streaming video.
=546  \\$aIn Spanish and Portuguese.
=500  \\$aTitle supplied by Hemispheric Institute.
=500  \\$aPart of the Hemispheric Institute Digital Video Library.
=534  \\$pMedia source original:$e4 videocassettes of 4 (Mini DV) : sd., col. ; 1/4 in. SP.$mPanasonic DVM60 ME.
=518  \\$aRecorded in Rio de Janeiro, Brazil, on July 4, 2000, as part of the First Annual Hemispheric Institute Seminar and Conference, titled "Performance and Politics in the Americas".
=508  \\$aHemispheric Institute of Performance and Politics, producer ; UNIRIO (Universidade Federal do Estado do Rio de Janeiro), producer ; Augusto Boal, creator.
=511  0\$aAugusto Boal , keynote speaker ; Centro de Teatro do Oprimido members, moderators.
=511  1\$aGrupo Artimanha, Grupo Panela de Opressão.
=520  \\$aAugusto Boal is an innovative and influential Brazilian theatrical director, writer, pedagogue and politician. He is considered to be on of the most important creators of political theater since Brecht. Boal is the author of Theater of the Oppressed, Games for Actors and Non-Actors, Rainbow of Desire, Legislative Theater, among others. He was a Member of Parliament for Rio de Janeiro from 1993-1996. Boal is the founder of Theater of the Oppressed, a political theatrical form originally used in radical popular education movements, growing up alongside Paulo Freire's Pedagogy of the Oppressed. Theater of the Oppressed is a system of games and special techniques that aims at developing, in the oppressed citizens, the language of the theater, in order to help them fight against their oppressions and to transform the society that engenders those oppressions. The word Oppressed is used in the sense of s/he who has lost the right to express his/her wills and needs, and is reduced to the condition of obedient listener of a monologue. It must be used as an instrument of concrete social transformation, a tool of fighting against all forms class oppression, racism, sexism, and all kinds of discrimination. In this workshop and keynote address, celebrated in the context of in the context of the first Encuentro of the Hemispheric Institute of Performance and Politics, held at Rio de Janeiro, Brazil in 2000, Boal talks about the history and coordinates of the Theater of the Oppressed. He also shares with the participants some of the ludic exercises included in Games for Actors and Non-Actors. The workshop ends with a demonstration of Forum Theater, with performances by two groups linked to the Centro de Teatro do Oprimido: Grupo Artimanha (on issues of AIDS and homosexuality) and Grupo Panela de Oppresão (on the forced displacement of disempowered, marginalized communities).
=540  \\$aThere are copyright restrictions on this collection. For more information, go to the online version of this video.
=650  \0$aTheater$xPolitical aspects.
=650  \0$aTheater and society.
=653  \\$aPerformance and politics
=655  \7$aKeynote address & Workshop.$2nyu-hidvl
=655  \7$aTheater.$2nyu-hidvl
=655  \7$aTheater of the Oppressed.$2nyu-hidvl
=655  \7$aForum theater.$2nyu-hidvl
=655  \7$aPolitical theater.$2nyu-hidvl
=655  \7$aBrazilian theater.$2nyu-hidvl
=700  1\$aBoal, Augusto.$4cre$4spk
=710  2\$aCTO-Rio.$4mod
=710  2\$aGrupo Artimanha.$4prf
=710  2\$aGrupo Panela de Opressão.$4prf
=710  2\$aUniversidade do Rio de Janeiro.$4pro
=710  2\$aHemispheric Institute of Performance and Politics.$4pro
=710  2\$aHemispheric Institute Digital Video Library.
=711  2\$aHemispheric Institute Encuentro$n(1st :$d2000 :$cRio de Janeiro, Brazil).$tPerformance and politics in the Americas.
=856  40$uhttp://hdl.handle.net/2333.1/k3j9kdf7
=853  00$81$apt.
=863  50$81.1$a1$p31142045979153
=863  50$81.2$a2$p31142045979161
=863  50$81.3$a3$p31142045979179
=863  50$81.4$a4$p31142045979187
=954  \\$81$aVolumes

