=LDR  03049cgm a22006615a 4500
=001  000509582
=003  NNU
=004  NYUb13497808
=005  20080229172202.0
=006  m\\\\\\\\z\\\\\\\\
=007  vd\cvaizu
=007  vf\ciahou
=007  cr\cna
=007  cr\|||||||||||
=008  070517s2000\\\\xxu007\\\\\\\\\\\\vlmul\d
=024  7\$aHI2006_105_03$2nyu-hidvl
=024  7\$aHI2006.105_03$2nyu-hidvl
=040  \\$aNNU$cNNU$eamim
=041  1\$aeng$adan$aspa
=245  00$aLifestyle$h[videorecording].
=260  \\$c2000.
=300  \\$3master.$a1 videocassette of 1 (Digital Betacam) (7 min.) :$bsd., col. ;$c1/2 in.
=300  \\$3viewing copy.$a1 videodisc of 1 (DVD) (7 min.) :$bsd., col. ;$c4 3/4 in.
=490  1\$aNao Bustamante video collection
=530  \\$aAlso available online as streaming video.
=546  \\$aIn English, Spanish, and Danish.
=500  \\$aHI2006.105_03 contained on disc HI2006.105_01.
=500  \\$aTitle supplied by Hemispheric Institute.
=500  \\$aPart of the Hemispheric Institute Digital Video Library.
=534  \\$pMedia source original:$e1 videocassette of 1 (Mini DV) : sd., col. ; 1/4 in. SP.
=518  \\$aPerformed in the United States in 2000.
=508  \\$aNao Bustamante, producer, director.
=511  1\$aNao Bustamante, Mads Lynnerup, Eamon Ore Jiron.
=520  \\$aNao Bustamante (www.naobustamante.com) is an internationally known performance artist born in California. Her work encompasses performance art, installation, video, pop music and experimental rips in time. She has performed in galleries, museums, universities and underground sites throughout Asia, Africa, Europe, New Zealand, Australia, Canada, Mexico and the United States. 'Lifestyle' is shaped by the architecture of fantasy. Filled with an understated fetish for the purity of surface, 'Lifestyle' subtly shifts the power between the three characters until the viewer is unsure of who is in charge in this superficial, yet fulfilling landscape.
=540  \\$aThere are copyright restrictions on this collection. For more information, go to the online version of this video.
=650  \0$aControl (Psychology)
=650  \0$aDominance (Psychology)
=650  \0$aSocial status.
=650  \0$aSuperficiality.
=650  \0$aHispanic American artists.
=653  \\$aPerformance art
=653  \\$aPower relationships
=653  \\$aLatino artists
=653  \\$aVideo performance
=655  \7$aPerformance.$2nyu-hidvl
=655  \7$aPerformance art.$2nyu-hidvl
=655  \7$aVideo performance.$2nyu-hidvl
=700  1\$aBustamante, Nao.$4pro$4drt$4prf
=700  1\$aLynnerup, Mads.$4prf
=700  1\$aOre Jiron, Eamon.$4prf
=710  2\$aHemispheric Institute Digital Video Library.
=830  \0$aNao Bustamante video collection.
=856  40$uhttp://hdl.handle.net/2333.1/2z34tmvr

