=LDR  03540cgm a22006975a 4500
=001  000505839
=003  NNU
=004  NYUb13493751
=005  20080208180436.0
=006  m\\\\\\\\z\\\\\\\\
=007  vd\cvaizu
=007  vf\ciahou
=007  cr\cna
=007  cr\|||||||||||
=008  070503e200006uunyu054\\\\\\\\\\\\vleng\d
=024  7\$aHI2006_059_01$2nyu-hidvl
=024  7\$aHI2006.059_01$2nyu-hidvl
=040  \\$aNNU$cNNU$eamim
=041  0\$aeng$aspa
=043  \\$an-us-ny
=245  00$aGross national product$h[videorecording].
=260  \\$c2000 June.
=300  \\$3master.$a1 videocassette of 1 (Digital Betacam) (54 min.) :$bsd., col. ;$c1/2 in.
=300  \\$3viewing copy.$a1 videodisc of 1 (DVD) (54 min.) :$bsd., col. ;$c4 3/4 in.
=490  1\$aSusana Cook collection
=530  \\$aAlso available online as streaming video.
=546  \\$aPrimarily in English with some Spanish.
=500  \\$aTitle supplied by Hemispheric Institute.
=500  \\$aPart of the Hemispheric Institute Digital Video Library.
=534  \\$pMedia source original:$e1 videocassette of 1 (Mini DV) : sd., col. ; 1/4 in. SP.$mSony DVM60.
=518  \\$aPerformed at The Kitchen, New York City, in June 2000.
=508  \\$aSusana Cook, producer, writer, director ; Julian Mesri, videographer ; Jan Tilley, sound design.
=511  1\$aSusana Cook, Mistah, Felice Shays, Sacha Yanow, Saira, Storme Webber, Tanisha, Thompson, Ira Jeffries, Lisa Frisari (musician).
=520  \\$aSusana Cook (www.susanacook.com) is a New York-based Argentinean theater and performance artist. Mainly directed to queer and Latino communities in New York City, Cook's work also encompasses a heated response to broader State policies that oppress communities defined in the intersection of race, gender, and class. In her shows, Cook parodies discourses of power, drawing attention to the close ties between the state, religious and political conservatism, and the military. Cook's plays usually feature all-women casts that defy the normative performance of gender, race, and sexuality. 'Gross National Product' is a response to the Giuliani administration in New York and the devastating effects that his policies had on the poor. The play deploys the interrelation between poverty, the working class and marginalization.
=540  \\$aThere are copyright restrictions on this collection. For more information, go to the online version of this video.
=600  10$aGiuliani, Rudolph W.
=650  \0$aHomelessness$zNew York (State)$zNew York.
=650  \0$aPoverty$zNew York (State)$zNew York.
=650  \0$aLabor$zNew York (State)$zNew York.
=650  \0$aEquality.
=653  \\$aIdentity politics
=653  \\$aQueer/Gay/Lesbian
=653  \\$aLatino
=653  \\$aSocial inequality
=653  \\$aPolitical performance
=655  \7$aPerformance.$2nyu-hidvl
=655  \7$aTheater.$2nyu-hidvl
=655  \7$aQueer/Gay/Lesbian performance.$2nyu-hidvl
=655  \7$aPolitical performance.$2nyu-hidvl
=655  \7$aFeminist performance.$2nyu-hidvl
=700  1\$aCook, Susana.$4pro$4aut$4drt$4prf
=700  1\$aMesri, Julian.$4vdg
=700  1\$aTilley, Jan.$4oth
=710  2\$aHemispheric Institute Digital Video Library.
=830  \0$aSusana Cook collection.
=856  40$uhttp://hdl.handle.net/2333.1/rv15dvfn

