=LDR  05205cgm a2200529 a 4500
=001  003964068
=005  20140421225404.0
=006  m\\\\\\\\c\\\\\\\\
=007  cr\cna|||m|||a
=007  cr\|||||||||||
=008  140310e20000203mau059\\\\\\\\s\\\vleng\d
=024  7\$aHI2013_019_01$2nyu-hidvl
=040  \\$aNNU$beng$cNNU
=041  0\$aeng
=245  00$aClothes$h[videorecording] /$cMount Holyoke College and New WORLD Theater, producers ; Roberta Uno, director ; Chitra Divakaruni, playwright.
=260  \\$c2000 Feb. 3.
=300  \\$3viewing copy.$astreaming video (58 min., 34 sec.) :$bsd., col.
=490  1\$aNew WORLD Theater collection
=546  \\$aIn English.
=500  \\$aTitle supplied by Hemispheric Institute.
=500  \\$aPart of the Hemispheric Institute Digital Video Library.
=518  \\$aPerformed at the Mount Holyoke College Rooke Theatre in South Hadley, Massachusetts, on February 3, 2000.
=508  \\$aHarley Erdman and Roberta Uno, dramaturgs ; Leandro Soto, set designer ; John T. Howard, lighting designer ; Kevin Brainerd, costume designer ; Emily Stork, sound designer ; Aparna Sindhoor, choreographer ; Sukanya Prabhakar, composer ; Malea Jochim, stage manager ; Emma Donoghue, assistant stage manager ; Suzanne Hayden, technical director.
=511  1\$aPurva Bedi, Aparna Sindhoor, performers ; Saavitri Ramanand, Ram Nath, David Nelson, musicians.
=520  \\$aThis is a video documentation of ‘Clothes,’ a play by Chitra Banerjee Divakaruni, which discusses complex topics such as racism, multi-cultural relationships, economic disparity, and arranged marriage, from an Indian-American perspective. The main character, Sumita, leaves India for the United States to marry a man she has never met before, and she expresses her anxieties about being exiled from her family. The struggles to adapt to U.S. American culture are symbolically transferred to clothes’ shapes and colors, since Sumita has to trade in her native ‘sari’ for t-shirts and jeans. When Sumita’s husband dies, she is left to choose the life of an independent woman in the United States or return to her in-laws in India. Now a ‘widow in a white sari,’ Sumita vows to stay in the United States despite not knowing how she will survive. Through dance and music that intertwines delicate movements with a subtle but strong body, storytelling transmits the complexity of a female identity that moves between tradition and modernity. The characters’ gestures, and the music, dance, and percussion through the play, reveal a story that is part of a broader history of cultural encounters.
=520  \\$aChitra Banerjee Divakaruni is an award-winning author, poet, activist and teacher. Her themes include the Indian experience, contemporary U.S. America, women, immigration, history, myth, and the joys and challenges of living in a multi-cultural world. Her books have been translated into 29 languages, and her work has appeared in over a hundred magazines and anthologies. Several of her novels and stories have been made into films and plays. She has won an American Book Award and a Light of India award. Divakaruni teaches Creative Writing at the University of Houston and writes for both adults and children.
=520  \\$aFrom 1979-2009, the New WORLD Theater worked at the intersection of artistic practice, community engagement, scholarship, and activism toward a vision of a ‘new world’—one that broke the confines of multiculturalism and was an artistic harbinger of America’s shifting demographics. From a geographic ‘outpost’ in New England, New WORLD Theater evolved from a community organizing project and the Northeast point on a theater touring compass, to a protective studio to hone new work, a site of international intersections from South Africa to the South Bronx, and the home of inspired and rigorous collaborations with Western Massachusetts youth. New performance work development at New WORLD defied the conventional theater play lab as ghetto for artists of color; artists were met where they wanted to be in the imagining of new approaches, methods, and production.
=534  \\$pMedia source original:$e1 videocassette of 1 (VHS) : sd., col. ; 1/2 in. SP.$m(no brand name)
=540  \\$aThere are copyright restrictions on this collection. For more information, go to the online version of this video.
=650  \0$aArranged marriage$zIndia.
=650  \0$aEast Indian Americans$xSocial life and customs.
=650  \0$aEast Indian American women$xSocial conditions.
=650  \0$aSex role$xPolitical aspects
=650  \0$aCulture conflict.
=655  \7$aPerformance.$2nyu-hidvl
=655  \7$aTheater.$2nyu-hidvl
=655  \7$aStorytelling.$2nyu-hidvl
=655  \7$aDance.$2nyu-hidvl
=655  \7$aMusic.$2nyu-hidvl
=700  1\$aDivakaruni, Chitra Banerjee,$d1956-$4aut
=700  1\$aUno, Roberta,$d1956-$4drt
=710  2\$aMount Holyoke College.$bRooke Theatre.$4pro
=710  2\$aNew WORLD Theater.$4pro
=710  2\$aHemispheric Institute Digital Video Library.
=830  \0$aNew WORLD Theater collection.
=856  40$uhttp://hdl.handle.net/2333.1/q573n7m8

