=LDR  05322cgm a22006135a 4500
=001  000512242
=003  NNU
=004  NYUb13500707
=005  20080310143601.0
=006  m\\\\\\\\z\\\\\\\\
=007  vd\cvaizu
=007  vf\ciahou
=007  cr\cna
=007  cr\|||||||||||
=008  070529e20000909ck\019\\\\\\\\\\\\vlspa\d
=024  7\$aHI2006_140_01$2nyu-hidvl
=024  7\$aHI2006.140_01$2nyu-hidvl
=035  \\$a(NYU)NYUb13500707
=040  \\$aNNU$cNNU$eamim
=041  0\$aspa
=043  \\$as-ck---
=245  03$aEl Quijote$h[videorecording].
=260  \\$c2000 Sept. 9.
=300  \\$3master.$a1 videocassette of 1 (Digital Betacam) (19 min.) :$bsd., col. ;$c1/2 in.
=300  \\$3viewing copy.$a1 videodisc of 1 (DVD) (19 min.) :$bsd., col. ;$c4 3/4 in.
=490  1\$aTeatro La Candelaria collection
=530  \\$aAlso available online as streaming video.
=546  \\$aIn Spanish.
=500  \\$aTitle supplied by Hemispheric Institute.
=500  \\$aPart of the Hemispheric Institute Digital Video Library.
=534  \\$pMedia source original:$e1 videocassette of 1 (VHS) : sd., col. ; 1/2 in. SP.$mT-120.
=518  \\$aPerformed in Cali, Colombia, on Sept. 9, 2000.
=508  \\$aSantiago García, writer, director ; Teatro La Candelaria, producer ; based on the original novel by Miguel de Cervantes ; Diego Villegas, video director ; Manuela del Mar Villegas, assistant to video director ; ARCOIRIS producciones audiovisuales, video ; Pedro Alcántara Herrán, set and costume design ; Carlos Robledo, lightning design ; Rafael Giraldo, sound design ; Hernando Forero, music ; Carlos Satizabal, Hernando Forero, Nicolás Uribe, recording and mixing ; Ricardo Castillo, Hernando Forero, sets ; Rosa Emilia Rangel, María Virginia Rangel, Gladys de Espinosa, Sandra Marín, Gonzalo Torres, María Consuelo Marín, costumes ; Antonio Cadavid, armour ; Gonzalo Torres, props ; Álvaro Burgos, Oscar Molina, flutes ; Taller Teatrova, masks and animals ; Juan Osorio, puppets assistance ; Antonuela Ariza, Carlos Lema, photography ; Teresa Galinda Lozano, press.
=511  1\$aCésar Badillo, Fernando Peñuela, Rafael Giraldo, Fanny Baena, Nohora González, Francisco Martínez, Hernando Forero, Fernando Mendoza, Patricia Ariza, Alexandra Escobar, Fabio Velazco, Libardo Flórez, Carmiña Martinez, Shirley Martínez.
=520  \\$aThe tape shows bits of 'El Quijote', theater piece by Colombia's Teatro La Candelaria; it also presents Santiago García explaining his perspective on the work and his own staging. Speaking about his creative process, García tells how he read the book over and over in search of dramatic parts, trying to find events and adventures in the play that were not well-known to the public. He found twelve scenes that interested him and started elaborating on them, working closely and experimentally with the actors. He also comments on the work of Pedro Alcántara, the person in charge of the visual aspects of the play, to which Santiago García gives a lot of importance. After García's intervention, the tape shows different scenes of the play. Humorous skits, the excerpts evidence how costumes, puppets and choreography play a crucial part in La Calendaria's staging of 'El Quijote'. Santiago García then explains what the figure of El Quijote means to him: he sees great powers of vision in Quijote's madness. La Candelaria (www.teatrolacandelaria.org.co) was founded in 1966 by a group of independent artists and intellectuals who came from experimental theater and the broader Colombian cultural movement. Directed by Santiago García, La Candelaria is one of Colombian theater's most innovative agents, modernizing national drama while addressing popular audiences. By means of an ongoing exploration of national folklore, situations and characters, they have created some of Colombia's most compelling plays, some of them through the method of 'creación colectiva' ('collective creation'), addressing the acute social and political problems of their society. At the same time, they fostered the creation of Corporación Colombiana del Teatro and have developed a number of theoretical works that reflect upon dramatic creation, its methods and languages. Still nowadays, La Candelaria is committed to repertoire, experimentation, and discussion as fundamental elements to artistic creation.
=540  \\$aThere are copyright restrictions on this collection. For more information, go to the online version of this video.
=600  10$aGarcía, Santiago.
=650  \0$aTheater$zColombia.
=650  \0$aDon Quixote (Fictitious character)$vDrama.
=653  \\$aCreación colectiva
=655  \7$aPerformance.$2nyu-hidvl
=655  \7$aTheater.$2nyu-hidvl
=655  \7$aCollective creation.$2nyu-hidvl
=655  \7$aColombian theater.$2nyu-hidvl
=700  1\$aGarcía, Santiago.$4aut$4drt$4cmm
=700  1\$aCervantes Saavedra, Miguel de,$d1547-1616.$4org
=710  2\$aGrupo La Candelaria.$4pro
=710  2\$aHemispheric Institute Digital Video Library.
=830  \0$aTeatro La Candelaria collection.
=856  40$uhttp://hdl.handle.net/2333.1/z34tmpv5

