=LDR  03595cgm a2200613 a 4500
=001  003745842
=004  003745842
=005  20140421211116.0
=006  m\\\\\\\\z\\\\\\\\
=007  vd\cvaizu
=007  cr\cna|||m|||a
=007  cr\|||||||||||
=007  vd\cvaizu
=008  130502s2000\\\\mx\088\\\\\\\\\\\\vlspa\d
=024  7\$aHI2011_034_01$2nyu-hidvl
=024  7\$aHI2011_035_01$2nyu-hidvl
=024  7\$aHI2011.034_01$2nyu-hidvl
=024  7\$aHI2011.035_01$2nyu-hidvl
=040  \\$aNNU$beng$cNNU
=041  0\$aspa
=043  \\$an-mx---
=245  00$aVivir muriendo$h[videorecording] /$cAstrid Hadad, creator.
=260  \\$c2000.
=300  \\$3viewing copy.$a2 videodiscs of 2 (DVD) (87 min., 5 sec.: pt.1, 57 min., 9 sec.; pt.2, 29 min., 56 sec.) :$bsd., col. ;$c4 3/4 in.
=490  1\$aAstrid Hadad collection
=546  \\$aIn Spanish.
=500  \\$aTitle supplied by Hemispheric Institute.
=500  \\$aPart of the Hemispheric Institute Digital Video Library.
=518  \\$aPerformed in Mexico in 2000.
=511  1\$aAstrid Hadad, protagonist ; Los Tarzanes, musicians ; Omar Ortiz, musical director.
=520  \\$a‘Vivir muriendo’ is a cabaret-format show, where Astrid Hadad performs a direct political satire against the aftermath of Carlos Salinas de Gortari and Ernesto Zedillo’s Mexican government. Hadad’s iconic and continuously morphing clothes are an allegory of Mexican nation, condensed in her body and her powerful voice. Playing in the intertwining relationship between politics and sexuality, ‘Vivir muriendo’ is a thermometer of the Mexican political situation at the end of the 20th century and the beginning of the 21st century.
=520  \\$aAstrid Hadad is a vocalist and performance artist from Mexico. Her work as a solo performance artist took off in 1995 with her show ‘Heavy Nopal.’ The term ‘heavy nopal’ refers to the Mexican cactus distilled to make tequila and is how Hadad describes her style of performance. Her shows follow the format of a cabaret, in which Hadad dazzles her audience with stunning vocals and elaborated costumes. She appropriates iconic images in Mexican culture, straps them to her body, and walks onstage to reconfigure their meanings. Through her voice and her body, Hadad challenges to her audience to adopt her system of cultural processing. Most of her work challenges cultural norms pertaining to gender roles in Mexican society. She also addresses issues of US neo imperialism. Hadad writes, produces, and promotes her own work.
=530  \\$aAlso available online as streaming video.
=534  \\$pMedia source original:$e2 videocassettes of 2 (Mini DV) : sd., col. ; 1/4 in. SP.$mPanasonic DVM60
=540  \\$aThere are copyright restrictions on this collection. For more information, go to the online version of this video.
=650  \0$aPolitics, Practical$zMexico.
=650  \0$aPerformance art$xPolitical aspects$zMexico.
=651  \0$aMexico$xIntellectual life.
=653  \\$aCabaret
=653  \\$aPolitical performance
=655  \7$aPerformance.$2nyu-hidvl
=655  \7$aTheater.$2nyu-hidvl
=655  \7$aCabaret.$2nyu-hidvl
=655  \7$aPolitical performance.$2nyu-hidvl
=655  \7$aHeavy Nopal.$2nyu-hidvl
=700  1\$aHadad, Astrid.$4cre$4prf
=710  2\$aHemispheric Institute Digital Video Library.
=830  \0$aAstrid Hadad collection.
=856  40$uhttp://hdl.handle.net/2333.1/8w9ghzrm
=853  00$81$adisc
=863  \\$81.1$a1
=863  \\$81.2$a2

