=LDR  04047cgm a2200649 a 4500
=001  000549745
=003  NNU
=004  NYUb13541603
=005  20080408131258.0
=006  m\\\\\\\\z\\\\\\\\
=007  vd\cvaizu
=007  vf\ciahou
=007  cr\cna
=007  cr\|||||||||||
=008  071004s2000\\\\pr\046\\\\\\\\\\\\vlspa\d
=024  7\$aHI2007_183_01$2nyu-hidvl
=024  7\$aHI2007.183_01$2nyu-hidvl
=035  \\$a(NYU)NYUb13541603
=040  \\$aNNU$cNNU$eamim
=041  0\$aspa
=043  \\$anwpr---
=245  04$aLas aventuras de los jóvenes dioses$h[videorecording].
=246  31$aAdventures of the young gods
=260  \\$c2000.
=300  \\$3master.$a1 videocassette of 1 (Digital Betacam) (46 min.) :$bsd., col. ;$c1/2 in.
=300  \\$3viewing copy.$a1 videodisc of 1 (DVD) (46 min.) :$bsd., col. ;$c4 3/4 in.
=490  1\$aDeborah Hunt / MASKHUNT collection.
=530  \\$aAlso available online as streaming video.
=546  \\$aIn Spanish.
=500  \\$aTitle supplied by Hemispheric Institute.
=500  \\$aPart of the Hemispheric Institute Digital Video Library.
=534  \\$pMedia source original:$e1 videocassette of 1 (Mini DV) : sd., col. ; 1/4 in. SP.$mPanasonic DVM60.
=518  \\$aPerformed in Antonia Quiñones Park, Condado, San Juan, Puerto Rico, in 2000.
=508  \\$aDeborah Hunt, producer, adaptation ; MASKHUNT, Inc., producer ; based on the adaptation of the Popol Vuh by Eduardo Galeano ; MASKHUNT perfomers, masks and shadows.
=511  1\$aDeborah Hunt, Guie Beeu Guerrero, Luis Oliva, Ita García, Ana Lespier, Nidia Collazo, Sara Sanabia.
=520  \\$a'Las Aventuras de los Jóvenes Dioses' ('The Adventures of the Young Gods') tells the stories of the Heroic Twins from the Popol Vuh, the Quiché/Maya book of creation. Based on an adaptation by Uruguayan author Eduardo Galeano, this performance was adapted and directed by Deborah Hunt and performed outdoors at the Antonia Quiñones Park in the Condado area of San Juan, Puerto Rico by the artist herself along with a talented troupe of mask makers, shadow puppeteers and performers. The performance was attended, for free, by hundreds of people. 'Jóvenes Dioses' was followed by the production 'Despertando a Osiris,' the result of a nine-month workshop on the Egyptian Book of the Dead. Deborah Hunt is a maskmaker, puppeteer and performance artist with 35 years experience in the creation and presentation of original theater and performance works. She has worked in New Zealand, USA, England, Mexico, Central America, Puerto Rico, British Windward Islands, Argentina, Denmark, Norway, Belgrade, Venezuela, Cuba, Spain, Singapore, Australia, and has been working bilingually (English/Spanish) since 1985. Hunt also teaches puppetry and maskwork, offering intensive laboratories lasting from a weekend to nine-months long. Born in New Zealand, residing in Puerto Rico since 1990, she is a member of the Magdalena Project and the Founder and Artistic Director of MASKHUNT Inc, theatre of the futile.
=540  \\$aThere are copyright restrictions on this collection. For more information, go to the online version of this video.
=630  00$aPopol vuh.
=650  \0$aPerforming arts$zPuerto Rico.
=650  \0$aPuppet theater$zPuerto Rico.
=650  \0$aMask makers$zPuerto Rico.
=650  \0$aExperimental theater$zPuerto Rico.
=655  \7$aPerformance.$2nyu-hidvl
=655  \7$aTheater.$2nyu-hidvl
=655  \7$aMask performance.$2nyu-hidvl
=655  \7$aPuppet theater.$2nyu-hidvl
=655  \7$aExperimental theater.$2nyu-hidvl
=700  1\$aHunt, Deborah.$4adp$4pro$4prf
=700  1\$aGaleano, Eduardo H.,$d1940-$4adp
=710  2\$aMASKHUNT, Inc.$4pro
=710  2\$aHemispheric Institute Digital Video Library.
=830  \0$aDeborah Hunt / MASKHUNT collection.
=856  40$uhttp://hdl.handle.net/2333.1/7h44j184

