=LDR  03996cgm a2200649 a 4500
=001  000549766
=003  NNU
=004  NYUb13541625
=005  20080408132441.0
=006  m\\\\\\\\z\\\\\\\\
=007  vd\cvaizu
=007  vf\ciahou
=007  cr\cna
=007  cr\|||||||||||
=008  071004s2000\\\\pr\042\\\\\\\\\\\\vlspa\d
=024  7\$aHI2007_184_01$2nyu-hidvl
=024  7\$aHI2007.184_01$2nyu-hidvl
=035  \\$a(NYU)NYUb13541625
=040  \\$aNNU$cNNU$eamim
=041  0\$aspa
=043  \\$anwpr---
=245  04$aLas mirillas$h[videorecording].
=260  \\$c2000.
=300  \\$3master.$a1 videocassette of 1 (Digital Betacam) (42 min.) :$bsd., col. ;$c1/2 in.
=300  \\$3viewing copy.$a1 videodisc of 1 (DVD) (42 min.) :$bsd., col. ;$c4 3/4 in.
=490  1\$aDeborah Hunt / MASKHUNT collection.
=530  \\$aAlso available online as streaming video.
=546  \\$aIn Spanish.
=500  \\$aTitle supplied by Hemispheric Institute.
=500  \\$aPart of the Hemispheric Institute Digital Video Library.
=534  \\$pMedia source original:$e1 videocassette of 1 (Mini DV) : sd., col. ; 1/4 in. SP.$mPanasonic DV60/90.
=518  \\$aPerformed in Arthings art supplies store, Santurce, Puerto Rico, in 2000.
=508  \\$aDeborah Hunt, producer, montage, direction, mask maker ; MASKHUNT, Inc., producer ; Antonio González Walker, performance video ; Liliana Duluc, videographer.
=511  1\$aDeborah Hunt, Guie Beeu Guerrero, Ana Lespier.
=520  \\$aInspired by the 'Glamours' text of Alice Bailey, Deborah Hunt's 'Las Mirillas' talks about the attraction to illusion. A pilgrim, fisherman, guard, sleepwalker, witness and market woman shared two store windows and the space in between to explore the distortion of perception. The video projections allowed the public to see them in their natural habitats. This is Deborah Hunt's fourth work in the shop windows of an art supplies store in Santurce. It forms part of the body of work created by the artist in these windows as a response to having no permit to perform in the plazas (public squares) of San Juan. The spaces were small. It rained. The audience crept closer to huddle around the fire of the pilgrim. Deborah Hunt is a maskmaker, puppeteer and performance artist with 35 years experience in the creation and presentation of original theater and performance works. She has worked in New Zealand, USA, England, Mexico, Central America, Puerto Rico, British Windward Islands, Argentina, Denmark, Norway, Belgrade, Venezuela, Cuba, Spain, Singapore, Australia, and has been working bilingually (English/Spanish) since 1985. Hunt also teaches puppetry and maskwork, offering intensive laboratories lasting from a weekend to nine-months long. Born in New Zealand, residing in Puerto Rico since 1990, she is a member of the Magdalena Project and the Founder and Artistic Director of MASKHUNT Inc, theater of the futile.
=540  \\$aThere are copyright restrictions on this collection. For more information, go to the online version of this video.
=650  \0$aPerforming arts$zPuerto Rico.
=650  \0$aPuppet theater$zPuerto Rico.
=650  \0$aMask makers$zPuerto Rico.
=650  \0$aExperimental theater$zPuerto Rico.
=650  \0$aPerception.
=655  \7$aPerformance.$2nyu-hidvl
=655  \7$aTheater.$2nyu-hidvl
=655  \7$aMask performance.$2nyu-hidvl
=655  \7$aPuppet theater.$2nyu-hidvl
=655  \7$aExperimental theater.$2nyu-hidvl
=700  1\$aHunt, Deborah.$4pro$4drt$4cst$4prf
=700  1\$aBailey, Alice,$d1880-1949.$tGlamour.
=700  1\$aGonzález Walker, Antonio.$4vdg
=710  2\$aMASKHUNT, Inc.$4pro
=710  2\$aHemispheric Institute Digital Video Library.
=830  \0$aDeborah Hunt / MASKHUNT collection.
=856  40$uhttp://hdl.handle.net/2333.1/3r2280rs

