=LDR  03308cgm a2200625 a 4500
=001  000517528
=003  NNU
=004  NYUb13506643
=005  20080129103045.0
=006  m\\\\\\\\z\\\\\\\\
=007  vd\cvaizu
=007  vf\ciahou
=007  cr\cna
=007  cr\|||||||||||
=008  070619s2000\\\\nyu002\\\\\\\\\\\\vlspa\d
=024  7\$aHI2006_025_01$2nyu-hidvl
=024  7\$aHI2006.025_01$2nyu-hidvl
=035  \\$a(NYU)NYUb13506643
=040  \\$aNNU$cNNU$eamim
=041  0\$aspa
=043  \\$an-us---
=245  00$aLatino plastic cover$h[videorecording] :$bSpanish version.
=260  \\$cc2000.
=300  \\$3master.$a1 videocassette of 1 (Digital Betacam) (2 min.) :$bsd., col. ;$c1/2 in.
=300  \\$3viewing copy.$a1 videodisc of 1 (DVD) (2 min.) :$bsd., col. ;$c4 3/4 in.
=490  1\$aFulana collection
=530  \\$aAlso available online as streaming video.
=546  \\$aIn Spanish.
=500  \\$aTitle supplied by Hemispheric Institute.
=500  \\$aPart of the Hemispheric Institute Digital Video Library.
=534  \\$pMedia source original:$e1 videocassette of 1 (Mini DV) : sd., col. ; 1/4 in. SP.$mSony DVM60.
=518  \\$aRecorded in New York City in 2000.
=508  \\$aFulana (Cristina Ibarra, Marlène Ramírez-Cancio, Lisandra Ramos-Grullón & Andrea Thome), producer, creator, director ; Cristina Ibarra, director, editor.
=511  1\$aLisandra Ramos-Grullón; Alex Rivera; Andrea Thome; Joe Thome; Cristina Ibarra; Marlène Ramírez-Cancio, voice-over.
=520  \\$aThis is the Spanish version of 'Latino Plastic Cover,' the first short film by Fulana (www.fulana.org), a Latina video collective from New York City. Through parody and satire, Fulana explores themes that are relevant to Latino cultures in the U.S., delving into the nuances that bind our experiences, experimenting with strategies to make visible what we're so often made to read between the lines. Their work, which consists mainly of mock television commercials, music videos and print advertisements, responds to the ways products and ideas are marketed to Latinos through the mass media. 'Latino Plastic Cover' is a mock cable access commercial for the ultimate panacea, guaranteed not only to keep dust off your furniture, but to solve all kinds of social ills affecting the Latino community and beyond. Discover the luxury of freedom!
=540  \\$aThere are copyright restrictions on this collection. For more information, go to the online version of this video.
=650  \0$aPolitical satire, American.
=650  \0$aMass media$zUnited States.
=650  \0$aMass media and culture$zUnited States.
=650  \0$aHispanic Americans and mass media.
=653  \\$aLatino
=653  \\$aLatina artists
=653  \\$aMedia and popular culture
=655  \7$aPerformance.$2nyu-hidvl
=655  \7$aShort film.$2nyu-hidvl
=655  \7$aVideo art.$2nyu-hidvl
=700  1\$aIbarra, Cristina.$4drt$4edt$4prf
=710  2\$aFulana.$4cre$4pro$4drt
=710  2\$aHemispheric Institute Digital Video Library.
=830  \0$aFulana collection.
=856  40$uhttp://hdl.handle.net/2333.1/fn2z3533

