=LDR  04045cgm  22007695a 4500
=001  000509340
=003  NNU
=004  NYUb13497546
=005  20080225183041.0
=006  m\\\\\\\\z\\\\\\\\
=007  vd\cvaizu
=007  vf\ciahou
=007  cr\cna
=007  cr\|||||||||||
=008  070516e200004uumx\080\\\\\\\\\\\\vlspa\d
=024  7\$aHI2006_098_01$2nyu-hidvl
=024  7\$aHI2006.098_01$2nyu-hidvl
=040  \\$aNNU$cNNU$eamim
=041  0\$aspa
=043  \\$an-mx---
=245  00$aÉchame la mano que te pagaré$h[videorecording].
=246  34$aÉchame una mano y te pagaré
=260  \\$c2000 Apr.
=300  \\$a1 videocassette of 1 (Digital Betacam) (80 min.) :$bsd., col. ;$c1/2 in.$3master.
=300  \\$a1 videodisc of 1 (DVD) (80 min.) :$bsd., col. ;$c4 3/4 in.$3viewing copy.
=490  1\$aFOMMA video collection
=530  \\$aAlso available online as streaming video.
=546  \\$aIn Spanish, with some introductory comments in English.
=500  \\$aTitle supplied by Hemispheric Institute.
=500  \\$aPart of the Hemispheric Institute Digital Video Library.
=534  \\$pMedia source original:$e1 videocassette of 1 (VHS) : sd., col. ; 1/2 in. SP.
=518  \\$aPerformed at Casa Na Balom, San Cristóbal de las Casas, Chiapas, Mexico, in Apr. 2000; Interviews took place on Apr. 26, 2000.
=508  \\$aFortaleza de la Mujer Maya (FOMMA), producer, writer.
=511  1\$aIsabel Juárez Espinosa, Petrona de la Cruz Cruz, María Pérez Sántiz, María Francisca Oseguera Cruz, Juana López Mendes, Faustina López Díaz.
=511  0\$aIsabel Juarez Espinosa, interviewee ; Petrona de la Cruz Cruz, interviewee.
=520  \\$aFOMMA - Fortaleza de la Mujer Maya - is a collective of Mayan women who use theater as a tool for education and community building. They are performers, playwrights, and teachers who tour their work in their communities and internationally, performing plays that focus on women's and indigenous rights, literacy, cultural survival, ecology, health, and education in the Tzeltal and Tzotzil indigenous languages. 'Échame mano que te pagaré' is a play about community building and the exercise of rights within the field of economy as seen in different situations that are connected in the play. After being repeatedly cheated in regards to commerce and money loans, a group of women decide to follow the lead of a friend and attend the workshops offered at FOMMA where they learn the necessary tips to not be deceived again. The video includes interviews with Isabel Juárez Espinosa and Petrona de la Cruz Cruz.
=540  \\$aThere are copyright restrictions on this collection. For more information, go to the online version of this video.
=600  10$aJuárez Espinosa, Isabel,$d1958-$vInterviews.
=600  10$aCruz Cruz, Petrona de la,$d1965-$vInterviews.
=650  \0$aTheater$zMexico.
=650  \0$aFraud.
=650  \0$aIndigenous women.
=650  \0$aIndigenous women$xSocial conditions.
=650  \0$aWomen's rights.
=650  \0$aIndigenous peoples.
=650  \0$aCommunity centers.
=653  \\$aNative women's rights
=653  \\$aCommunity organizing
=653  \\$aIndigenous theater
=655  \7$aPerformance.$2nyu-hidvl
=655  \7$aTheater.$2nyu-hidvl
=655  \7$aCommunity theater.$2nyu-hidvl
=655  \7$aIndigenous theater.$2nyu-hidvl
=655  \7$aNative women's theater.$2nyu-hidvl
=655  \7$aMexican theater.$2nyu-hidvl
=655  \7$aInterview.$2nyu-hidvl
=700  1\$aJuárez Espinosa, Isabel,$d1958-$4prf$4ive
=700  1\$aCruz Cruz, Petrona de la,$d1965-$4prf$4ive
=710  2\$aFortaleza de la Mujer Maya (Organization)$4pro$4aut
=710  2\$aHemispheric Institute Digital Video Library.
=830  \0$aFOMMA video collection.
=856  40$uhttp://hdl.handle.net/2333.1/n02v6x54

