=LDR  04885cgm a22006135a 4500
=001  000513915
=003  NNU
=004  NYUb13502608
=005  20090409154508.0
=006  m\\\\\\\\z\\\\\\\\
=007  vd\cvaizu
=007  vf\ciahou
=007  cr\cna
=007  cr\|||||||||||
=008  070606s2000\\\\pr\021\\\\\\\\\\\\vlspa\d
=024  7\$aHI2007_020_01$2nyu-hidvl
=024  7\$aHI2007.020_01$2nyu-hidvl
=035  \\$a(NYU)NYUb13502608
=040  \\$aNNU$cNNU$eamim
=043  \\$anwpr---
=245  03$aEl taller como principio y fin$h[videorecording].
=246  3\$aMartorell-Márquez (2000) :$bel taller como principio y fin
=246  31$aWorkshop as process and product
=260  \\$c2000.
=300  \\$3master.$a1 videocassette of 1 (Digital Betacam) (21 min.) :$bsd., col. ;$c1/2 in.
=300  \\$3viewing copy.$a1 videodisc of 1 (DVD) (21 min.) :$bsd., col. ;$c4 3/4 in.
=490  1\$aRosa Luisa Márquez and theater collaborators
=530  \\$aAlso available online as streaming video.
=546  \\$aIn Spanish.
=500  \\$aTitle supplied by Hemispheric Institute.
=500  \\$aPart of the Hemispheric Institute Digital Video Library.
=534  \\$pMedia source original:$e1 videocassette of 1 (VHS) : sd., col. ; 1/2 in. SP.
=518  \\$aWorkshop given at the 1st Encuentro of the Hemispheric Institute of Performance and Politics, titled Performance and Politics in the Americas, held in Brazil in July 2000 ; video produced in San Juan, Puerto Rico, in 2000.
=508  \\$aMiguel Villafañe, producer, editor, videographer ; Rosa Luisa Márquez, producer ; Antonio Martorell, producer ; based on works by Rosa Luisa Márquez, Antonio Martorell.
=511  0\$aRosa Luisa Márquez, Antonio Martorell (protagonists).
=520  \\$aVideo companion to the lecture "El Taller Como Principio y Fin / Workshop as Process and Product" delivered by Rosa Luisa Márquez and Antonio Martorell at the 1st Encuentro of the Hemispheric Institute of Performance and Politics, held in Brazil in July 2000 (www.hemisphericinstitute.org/eng/seminar/brazil/index.shtml). As suggested by its title, and illustrated with abundant footage from actual work by the artists, the video is a documentary on the role of the workshop as a creative and pedagogical tool for the creation of collaborative graphic-theatrical performances. Rosa Luisa Márquez (www.marquezmartorell.org) is a Puerto Rican theater artist and pedagogue. Founding member of the theater group Anamú in 1971, she holds a Master's degree from New York University and a Doctorate from Michigan State University; she specializes in contemporary theater. Rosa Luisa started her teaching career at the Theater department of the University of Puerto Rico in 1978. She developed the current curriculum of Drama Activities, which she teaches in her workshops at schools, prisons, rehab centers, women's shelters, nursing homes and community centers. Her directing projects include "Romeo(s) y Julieta(s)", "Historias para ser Contadas", "La Leyenda del Cemí", "Procesión", "Waiting for Godot", "Jardín de Pulpos", "Absurdos en Soledad", "El León y la Joya", among others. In conjunction with Puerto Rican visual artist Antonio Martorell, she created the concept of Itinerant Performers (1987-1990) resulting in twelve productions. Published books include "Brincos y saltos: el juego como disciplina teatral" and "Historias para ser contadas, montaje de Rosa Luisa Márquez". She is a member of the board of directors and pedagogical team for the EITALCs International School of Latin American and Caribbean Theater. Ongoing artistic collaborators include Gilda Navarra and Antonio Martorell (Puerto Rico), Grupo Malayerba (Ecuador), Grupo Yuyachkani (Peru), and directors Peter Shumann (Bread & Puppet Theater, U.S.A.) and Augusto Boal (Theater of the Oppressed, Brazil).
=540  \\$aThere are copyright restrictions on this collection. For more information, go to the online version of this video.
=650  \0$aPerforming arts$zPuerto Rico.
=650  \0$aWorkshops in art.
=653  \\$aWorkshop as creative strategy
=655  \7$aDocumentary.$2nyu-hidvl
=655  \7$aDocumentaries.$2aat
=700  1\$aMárquez, Rosa Luisa.$4pro$4tch
=700  1\$aMartorell, Antonio,$d1939-$4pro$4tch
=700  1\$aVillafañe, Miguel.$4pro$4edt$4vdg
=710  2\$aHemispheric Institute of Performance and Politics.
=710  2\$aHemispheric Institute Digital Video Library.
=711  2\$aHemispheric Institute Encuentro$n(1st :$d2000 :$cRio de Janeiro, Brazil).$tPerformance and politics in the Americas.
=830  \0$aRosa Luisa Márquez and theater collaborators.
=856  40$uhttp://hdl.handle.net/2333.1/pg4f4r2k

