=LDR  05074cgm a22007095a 4500
=001  000512638
=003  NNU
=004  NYUb13501134
=005  20080319134239.0
=006  m\\\\\\\\z\\\\\\\\
=007  vd\cvaizu
=007  vf\ciahou
=007  cr\cna
=007  \\vd
=007  cr\|||||||||||
=008  070531e20000617nyu072\\\\\\\\\\\\vleng\d
=024  7\$aHI2006_157_01$2nyu-hidvl
=024  7\$aHI2006_158_01$2nyu-hidvl
=024  7\$aHI2006.157_01$2nyu-hidvl
=035  \\$a(NYU)NYUb13501134
=040  \\$aNNU$cNNU$eamim
=043  \\$an-us-ny$an-us---
=245  00$aCome and see for yourselves$h[videorecording].
=260  \\$c2000 June 17.
=300  \\$3master.$a2 videocassettes of 2 (Digital Betacam) (72 min.) :$bsd., col. ;$c1/2 in.
=300  \\$3viewing copy.$a2 videodiscs of 2 (DVD) (72 min. : pt.1, 50 min. ; pt.2, 22 min.) :$bsd., col. ;$c4 3/4 in.
=490  1\$aCircus Amok collection
=530  \\$aAlso available online as streaming video.
=500  \\$aTitle supplied by Hemispheric Institute.
=500  \\$aPart of the Hemispheric Institute Digital Video Library.
=534  \\$pMedia source original:$e2 videocassettes of 2 (Mini DV) : sd., col. ; 1/4 in. SP.$mSony DVM60.
=518  \\$aPerformed at Fort Greene Park, New York City, on June 17, 2000.
=508  \\$aCircus Amok, producer ; Jennifer Miller, director ; Jenny Romaine, music director ; Terry Dame, composer-in-residence ; Sarah Shulman, Jenny Romaine, Mady Schutzman, Bob Morris, writing ; Alessandra Nichols, Scotty Heron, Laura Helton, Jonathan Berger, Seana Gordon, Meredith Holch, sets, props & costumes ; Sir Becca, tech director/truck driver.
=511  1\$aJennifer Miller, Scotty Heron, Noelle Kalom, Michael Preston, Yael Teplow, Rachel Kramer, Osmany Tellez, Jenny Romaine (musician), Terry Dame (musician), Steve Berman (musician), Ben Meyers (musician), Mary Feaster (musician), Lisa Frisari (musician) ; Jonathan Berger, Laura Helton, Cypress/Alex Welsh, roustabouts.
=520  \\$aVideo documentation of Circus Amok's show, 'Come and See for Yourselves', performed in 2000 in diverse NYC parks, squares and other public spaces. The piece revolves around political, social and economic issues at play in American society. Poverty, monopoly of resources and other economic inequalities, along with police brutality, unequal rights for ethnic minorities and queer communities, environmental issues, political oppression, trigger-happy urban violence, and American foreign policies are some of the topics here exposed. Through the unveiling of these issues, the piece is an open call for civic activism and empowerment, a demand for justice and for a revision of the coordinates of American democracy, all interwoven in a joyful extravaganza of acrobatic artistry, satiric skill, and good old-fashioned circus fun. Circus Amok (www.circusamok.org) is a New York City based circus-theater company whose mission is to provide free public art addressing contemporary issues of social justice to the people of New York City. Directed and founded by Jennifer Miller, the group has been together since 1989 bringing its funny, queer, caustic and sexy, political one-ring spectacles to diverse neighborhoods throughout the city. Over the years the traditional circus skills - tight rope walking, juggling, acrobatics, stilt walking, clowning - have been combined with experimental dance, lifesize puppetry, music old and new, and gender-bending performance art and improvisational techniques, creating new meanings for circus while continuing to entertain the crowds of all ages throughout the city streets, gardens, parks, and playgrounds, inviting the audience to join them in envisioning a more empowered life of community interaction while enjoying a queer celebratory spectacle.
=540  \\$aThere are copyright restrictions on this collection. For more information, go to the online version of this video.
=650  \0$aCircus$zNew York (State)$zNew York.
=650  \0$aStreet theater$zNew York (State)$zNew York.
=650  \0$aGay theater$zNew York (State)$zNew York.
=651  \0$aUnited States$xSocial conditions$y21st century.
=651  \0$aUnited States$xSocial conditions$y20th century.
=653  \\$aPolitical performance
=655  \7$aPerformance.$2nyu-hidvl
=655  \7$aCircus.$2nyu-hidvl
=655  \7$aStreet theater.$2nyu-hidvl
=655  \7$aPolitical performance.$2nyu-hidvl
=655  \7$aQueer performance.$2nyu-hidvl
=700  1\$aMiller, Jennifer,$d1961-$4drt$4prf
=700  1\$aRomaine, Jenny.$4drt$4aut$4mus
=700  1\$aDame, Terry.$4cmp$4mus
=710  2\$aCircus Amok.$4pro
=710  2\$aHemispheric Institute Digital Video Library.
=830  \0$aCircus Amok collection.
=853  00$81$apt.
=863  50$81.1$a1$p31142045843730
=863  50$81.2$a2$p31142045843748
=856  40$uhttp://hdl.handle.net/2333.1/w3r2289t
=954  \\$81$aVolumes

