=LDR  05008cgm a2200733 a 4500
=001  000540694
=003  NNU
=004  NYUb13531911
=005  20090409154444.0
=006  m\\\\\\\\z\\\\\\\\
=007  vd\cvaizu
=007  vf\ciahou
=007  cr\cna
=007  cr\|||||||||||
=008  070904e20000704bl\107\\\\\\\\\\\\vlspa\d
=024  7\$aHI2007_111_01$2nyu-hidvl
=024  7\$aHI2007_112_01$2nyu-hidvl
=024  7\$aHI2007.111_01$2nyu-hidvl
=040  \\$aNNU$cNNU$eamim
=041  0\$aspa
=245  00$aGrupo Cultural Yuyachkani$h[videorecording] :$btheater work demonstration.
=246  3\$aGrupo Cultural Yuyachkani :$bdemostração de trabalho
=246  3\$aGrupo Cultural Yuyachkani :$bpedagogical demonstration
=260  \\$c2000 July 4.
=300  \\$3master.$a2 videocassettes of 2 (Digital Betacam) (107 min.) :$bsd., col. ;$c1/2 in.
=300  \\$3viewing copy.$a2 videodiscs of 2 (DVD) (107 min. : pt.1, 60 min. ; pt.2, 47 min.) :$bsd., col. ;$c4 3/4 in.
=530  \\$aAlso available online as streaming video.
=546  \\$aIn Spanish.
=500  \\$aTitle supplied by Hemispheric Institute.
=500  \\$aPart of the Hemispheric Institute Digital Video Library.
=534  \\$pMedia source original:$e2 videocassettes of 2 (Mini DV) : sd., col. ; 1/4 in. SP.$mSony DVM60.
=518  \\$aPerformed in Rio de Janeiro, Brazil, on July 4, 2000, as part of the First Annual Hemispheric Institute Seminar and Conference, titled "Performance and Politics in the Americas".
=508  \\$aHemispheric Institute of Performance and Politics, producer ; UNIRIO (Universidade Federal do Estado do Rio de Janeiro), producer ; Grupo Cultural Yuyachkani, creator.
=511  1\$aTeresa Ralli, Miguel Rubio Zapata.
=520  \\$aPeru's most important theater collective, Grupo Cultural Yuyachkani has been working since 1971 at the forefront of theatrical experimentation, political performance, and collective creation. Yuyachkani is a Quechua word that means I am thinking, I am remembering; under this name, the theater group has devoted itself to the collective exploration of embodied social memory, particularly in relation to questions of ethnicity, violence, and memory in Peru. Their work has been among the most important in Latin Americas so called New Popular Theater, with a strong commitment to grass-roots community issues, mobilization, and advocacy. Yuyachkani won Perus National Human Rights Award in 2000. Known for its creative embrace of both indigenous performance forms as well as cosmopolitan theatrical forms, Yuyachkani offers insight into Peruvian and Latin American theater, and to broader issues of postcolonial social aesthetics.In this pedagogical demonstration, presented in the context of the first Encuentro of the Hemispheric Institute of Performance and Politics, held at Rio de Janeiro, Brazil in 2000, Teresa Ralli and Miguel Rubio explain Yuyachkanis acting process. The artists discuss the training of the actors body, as well as voice and character development; body training stresses body memory, composition and accumulation. This pedagogical demonstration also includes aspects of character development, discussing the relationships between everyday body practices and bodies onstage; weight, balance, volume, flows of energy and centers of balance, showcased in this demonstration, are central aspects in Yuyachkanis (re)search of what they term an actor múltiple or multiple actor. The interplay between technique and sensitive/bodily memory is central to the acting and pedagogical work of this Peruvian theater group.
=540  \\$aThere are copyright restrictions on this collection. For more information, go to the online version of this video.
=650  \0$aActors$xTraining of.
=650  \0$aActing$xStudy and teaching.
=650  \0$aTheater$xStudy and teaching.
=653  \\$aCreative process in the arts
=653  \\$aPerformance and politics
=653  \\$aLatin American theater
=655  \7$aTheater.$2nyu-hidvl
=655  \7$aActor's training.$2nyu-hidvl
=655  \7$aDramaturgy of the actor.$2nyu-hidvl
=655  \7$aTheater demonstration.$2nyu-hidvl
=655  \7$aPeruvian theater.$2nyu-hidvl
=700  1\$aRalli, Teresa.$4prf
=700  1\$aRubio Zapata, Miguel.$4prf
=710  2\$aGrupo Cultural Yuyachkani.$4cre
=710  2\$aUniversidade do Rio de Janeiro.$4pro
=710  2\$aHemispheric Institute of Performance and Politics.$4pro
=710  2\$aHemispheric Institute Digital Video Library.
=711  2\$aHemispheric Institute Encuentro$n(1st :$d2000 :$cRio de Janeiro, Brazil).$tPerformance and politics in the Americas.
=853  00$81$apt.
=863  50$81.1$a1$p31142045979112
=863  50$81.2$a2$p31142045979120
=856  40$uhttp://hdl.handle.net/2333.1/z8w9gj7v
=954  \\$81$aVolumes

