=LDR  04911cgm a2200673 a 4500
=001  000540799
=003  NNU
=004  NYUb13532017
=005  20090409154455.0
=006  m\\\\\\\\z\\\\\\\\
=007  vd\cvaizu
=007  vf\ciahou
=007  cr\cna
=007  cr\|||||||||||
=008  070905e200007uubl\059\\\\\\\\\\\\vlspa\d
=024  7\$aHI2007_114_01$2nyu-hidvl
=024  7\$aHI2007.114_01$2nyu-hidvl
=035  \\$a(NYU)NYUb13532017
=040  \\$aNNU$cNNU$eamim
=041  0\$aspa
=043  \\$as-pe---
=245  00$aInterview with Teresa Ralli$h[videorecording]
=246  3\$aInterview with Teresa Ralli (Grupo Cultural Yuyachkani)
=246  30$aTeresa Ralli
=260  \\$c2000 July.
=300  \\$3master.$a1 videocassette of 1 (Digital Betacam) (59 min.) :$bsd., col. ;$c1/2 in.
=300  \\$3viewing copy.$a1 videodisc of 1 (DVD) (59 min.) :$bsd., col. ;$c4 3/4 in.
=530  \\$aAlso available online as streaming video.
=546  \\$aIn Spanish.
=500  \\$aTitle supplied by Hemispheric Institute.
=500  \\$aPart of the Hemispheric Institute Digital Video Library.
=534  \\$pMedia source original:$e1 videocassette of 1 (Mini DV) : sd., col. ; 1/4 in. SP.$mSony DVM60 ME.
=518  \\$aInterviewed in Rio de Janeiro, Brazil, in July 2000, as part of the First Annual Hemispheric Institute Seminar and Conference, titled "Performance and Politics in the Americas".
=508  \\$aHemispheric Institute of Performance and Politics, producer ; UNIRIO (Universidade Federal do Estado do Rio de Janeiro, producer.
=511  0\$aTeresa Ralli, interviewee ; Diana Taylor, interviewer ; Marlène Ramírez-Cancio, interviewer ; Jill Lane, interviewer.
=520  \\$aInterview with Teresa Ralli, founding member of Grupo Cultural Yuyahckani, conducted by Diana Taylor in the context of the first Encuentro of the Hemispheric Institute of Performance and Politics, held at Rio de Janeiro, Brazil in 2000. Ralli discusses the role of women in Yuyachkani in the context of issues of politics and gender in Peru. Topics covered include womens role in society, the difficulty of making a living as professional female theater practitioners, and how the women artists work with Yuyachkani provides them with a space for self-reflection about these roles and also the space to play with/challenge them. For the artist, theater has been a space for personal growth, aesthetic exploration, and social intervention. Teresa talks about the interplay between Yuyachkanis workshops with Peruvian women (dealing with issues of sensibility, bodily awareness, and memory), their theater performances, and their political activism in Peru, both in terms of the internal workings of Yuyachkani and with their audience. She comments on the Encuentro Nacional de Actrices (a conference/event that brought together various Peruvian female performers of Peru), the celebration of the Primer Festival Teatro Mujer (the first major theater festival by women in Peru), the creative and political environment surrounding the creation of Yuyachkanis all-women piece La primera cena (directed by Ralli), and the role Peruvian women play in the creation and performance of her one-woman piece Antígona. Perus most important theater collective, Grupo Cultural Yuyachkani has been working since 1971 at the forefront of theatrical experimentation, political performance, and collective creation. The theater group has devoted itself to the collective exploration of embodied social memory, particularly in relation to questions of ethnicity, violence, and memory in Peru, with a strong commitment to grass-roots community issues, mobilization, and advocacy.
=540  \\$aThere are copyright restrictions on this collection. For more information, go to the online version of this video.
=600  10$aRalli, Teresa$vInterviews.
=610  20$aGrupo Cultural Yuyachkani.
=650  \0$aWomen in the theater$zPeru.
=650  \0$aWomen in the performing arts$zPeru.
=650  \0$aPerforming arts$xPolitical aspects$zPeru.
=650  \0$aWomen$xSocial conditions$zPeru.
=653  \\$aPerformance and politics
=653  \\$aWomen$aArts and politics
=655  \7$aInterview.$2nyu-hidvl
=700  1\$aRalli, Teresa.$4ive
=700  1\$aTaylor, Diana,$d1950-$4ivr
=700  1\$aRamírez-Cancio, Marlène.$4ivr
=700  1\$aLane, Jill,$d1967-$4ivr
=710  2\$aUniversidade do Rio de Janeiro.$4pro
=710  2\$aHemispheric Institute of Performance and Politics.$4pro
=710  2\$aHemispheric Institute Digital Video Library.
=711  2\$aHemispheric Institute Encuentro$n(1st :$d2000 :$cRio de Janeiro, Brazil).$tPerformance and politics in the Americas.
=856  40$uhttp://hdl.handle.net/2333.1/pvmcvdx3

