=LDR  04761cgm a2200565 a 4500
=001  003745945
=004  003745945
=005  20140421211154.0
=006  m\\\\\\\\z\\\\\\\\
=007  vd\cvaizu
=007  cr\cna|||m|||a
=007  cr\|||||||||||
=007  vd\cvaizu
=008  130502s2000\\\\nyu050\\\\\\\\\\\\vlspa\d
=024  7\$aHI2011_036_01$2nyu-hidvl
=024  7\$aHI2011.036_01$2nyu-hidvl
=040  \\$aNNU$beng$cNNU
=041  0\$aspa
=043  \\$an-mx---$as-ag---
=079  \\$a(OCoLC)845246626
=245  00$aAstrid Hadad, Liliana Felipe & Eugenia León at NYC's SummerStage 2000$h[videorecording] /$cJesusa Rodríguez, director, show organizer ; Annette Fradera, producer.
=260  \\$c2000.
=300  \\$3viewing copy.$a1 videodisc of 1 (DVD) (49 min., 13 sec.) :$bsd., col. ;$c4 3/4 in.
=490  1\$aAstrid Hadad collection
=546  \\$aIn Spanish.
=500  \\$aTitle supplied by Hemispheric Institute.
=500  \\$aPart of the Hemispheric Institute Digital Video Library.
=518  \\$aPerformed in New York City in 2000.
=511  1\$aAstrid Hadad, Liliana Felipe, Eugenia León, protagonists.
=520  \\$aIn 2000, New York City’s SummerStage hosted a unique concert where three powerful women offered the best of their repertoire. Astrid Hadad, Liliana Felipe, and Eugenia León performed both individually and together, in a show organized and directed by Jesusa Rodríguez. The presence of these women in Central Park, singing in Spanish, speaks about the intertwined relationship between the local and the transnational, as well as the interest in Latin American and Latino/a culture in New York City. The political strength of this performance comes from the voices, the bodies, and the words of these amazing women. This video documentation includes mostly Astrid Hadad’s participation in the show, as well as a grand finale where she and Liliana Felipe and Eugenia León delight the audience with smart and fun rancheras.
=520  \\$aAstrid Hadad is a singer and actress, graduated from Mexico City's Centro Universitario de Teatro. She looks to cabaret and performance to represent social, cultural, and political crisis in Mexico and, at the same time, to entertain. Costumed in her signature wearable art, Hadad blends popular songs and ranchero, son and bolero music and political satire with highly theatrical precision to create a genre of music she calls 'Heavy Nopal'. Her work takes on the stereotypes of Mexican culture and reframes them to comment on the forms of machismo in a variety of local and global contexts. Eugenia León is a singer born in Mexico, defined as a singer committed to the people and their causes. She has performed all around the world and her repertoire includes diverse genres, such as tango, bolero, norteño, Latin American music and rancheras. The strength and versatility of her voice makes her one of the most beloved and recognized Mexican singers. Liliana Felipe is a composer, singer, actor, tango musician, and clergyphobe. She left Argentina for Mexico just before the military coup in 1976, but her sister and brother-in-law remain among the 30,000 disappeared. She and her partner, Jesusa Rodríguez, owned and operated El Habito and Teatro de la Capilla, alternative performances spaces in Mexico City. Jesusa Rodríguez is a Mexican director, actress, playwright, performance artist, scenographer, entrepreneur and social activist, who has been called the most important woman of Mexico. Her ‘espectáculos’ (as both spectacles and shows) challenge traditional classification, crossing with ease generic boundaries: from elite to popular to mass, from Greek tragedy to cabaret, from pre-Columbian indigenous to opera, from revue, sketch and ‘carpa,’ to performative acts within political projects.
=530  \\$aAlso available online as streaming video.
=534  \\$pMedia source original:$e1 videocassette of 1 (Mini DV) : sd., col. ; 1/4 in. SP.$mPanasonic DVM60
=540  \\$aThere are copyright restrictions on this collection. For more information, go to the online version of this video.
=650  \0$aWomen singers$zMexico.
=650  \0$aWomen singers$zArgentina.
=650  \0$aRancheras.
=651  \0$aMexico$xIntellectual life.
=655  \7$aPerformance.$2nyu-hidvl
=655  \7$aConcert.$2nyu-hidvl
=700  1\$aRodríguez, Jesusa.$4drt
=700  1\$aFradera, Annette.$4pro
=700  1\$aHadad, Astrid.$4prf
=700  1\$aFelipe, Liliana.$4prf
=700  1\$aLeón, Eugenia.$4prf
=710  2\$aHemispheric Institute Digital Video Library.
=830  \0$aAstrid Hadad collection.
=856  40$uhttp://hdl.handle.net/2333.1/pnvx0mzs

