=LDR  04516cgm a2200685 a 4500
=001  000540642
=003  NNU
=004  NYUb13531849
=005  20090409154430.0
=006  m\\\\\\\\z\\\\\\\\
=007  vd\cvaizu
=007  vf\ciahou
=007  cr\cna
=007  cr\|||||||||||
=008  070904e20000708bl\060\\\\\\\\\\\\vlspa\d
=024  7\$aHI2007_110_01$2nyu-hidvl
=024  7\$aHI2007.110_01$2nyu-hidvl
=040  \\$aNNU$cNNU$eamim
=041  0\$aspa
=043  \\$as-pe---
=245  00$aGrupo Cultural Yuyachkani$h[videorecording] :$bAntígona.
=246  30$aAntígona
=246  31$aAntigone
=260  \\$c2000 July 8.
=300  \\$3master.$a1 videocassette of 1 (Digital Betacam) (60 min.) :$bsd., col. ;$c1/2 in.
=300  \\$3viewing copy.$a1 videodisc of 1 (DVD) (60 min.) :$bsd., col. ;$c4 3/4 in.
=530  \\$aAlso available online as streaming video.
=546  \\$aIn Spanish.
=500  \\$aTitle supplied by Hemispheric Institute.
=500  \\$aPart of the Hemispheric Institute Digital Video Library.
=534  \\$pMedia source original:$e1 videocassette of 1 (Mini DV) : sd., col. ; 1/4 in. SP.$mSony DVM60.
=518  \\$aPerformed in Rio de Janeiro, Brazil, on July 8, 2000, as part of the First Annual Hemispheric Institute Seminar and Conference, titled "Performance and Politics in the Americas".
=508  \\$aHemispheric Institute of Performance and Politics, producer ; UNIRIO (Universidade Federal do Estado do Rio de Janeiro), producer ; Grupo Cultural Yuyachkani, creator ; Miguel Rubio Zapata, director ; José Watanabe, writer ; based on Sophocles's Antigone.
=511  1\$aTeresa Ralli.
=520  \\$aVideo documentation of the theater piece Antígona, directed by Miguel Rubio Zapata and masterfully performed by Teresa Ralli of the Grupo Cultural Yuyachkani (Peru) in the context of the first Encuentro of the Hemispheric Institute of Performance and Politics, held at Rio de Janeiro, Brazil in 2000. This one-woman performance of José Watanabes version of Sophocles classic tragedy is a breathtakingly sad example of the devastation twenty years of civil violence in Peru caused; although it is the story of only one character, it speaks for the nearly 70,000 disappeared men, women and children of Peru. Perus most important theater collective, Grupo Cultural Yuyachkani has been working since 1971 at the forefront of theatrical experimentation, political performance, and collective creation. Yuyachkani is a Quechua word that means I am thinking, I am remembering; under this name, the theater group has devoted itself to the collective exploration of embodied social memory, particularly in relation to questions of ethnicity, violence, and memory in Peru. Their work has been among the most important in Latin Americas so called New Popular Theatre, with a strong commitment to grass-roots community issues, mobilization, and advocacy. Yuyachkani won Perus National Human Rights Award in 2000. Known for its creative embrace of both indigenous performance forms as well as cosmopolitan theatrical forms, Yuyachkani offers insight into Peruvian and Latin American theater, and to broader issues of postcolonial social aesthetics.
=540  \\$aThere are copyright restrictions on this collection. For more information, go to the online version of this video.
=600  00$aSophocles.$tAntigone.
=650  \0$aPolitical atrocities$zPeru$vDrama.
=600  00$aAntigone$c(Mythological character)$vDrama.
=653  \\$aPolitical theater
=655  \7$aPerformance.$2nyu-hidvl
=655  \7$aTheater.$2nyu-hidvl
=655  \7$aPolitical theater.$2nyu-hidvl
=655  \7$aPeruvian theater.$2nyu-hidvl
=655  \7$aOne-person show (Performing arts)$2nyu-hidvl
=700  1\$aRubio Zapata, Miguel.$4drt
=700  1\$aWatanabe, José,$d1946-$4aut
=700  0\$aSophocles.$tAntigone.
=700  1\$aRalli, Teresa.$4prf
=710  2\$aGrupo Cultural Yuyachkani.$4cre
=710  2\$aUniversidade do Rio de Janeiro.$4pro
=710  2\$aHemispheric Institute of Performance and Politics.$4pro
=710  2\$aHemispheric Institute Digital Video Library.
=711  2\$aHemispheric Institute Encuentro$n(1st :$d2000 :$cRio de Janeiro, Brazil).$tPerformance and politics in the Americas.
=856  40$uhttp://hdl.handle.net/2333.1/31zcrjks

