=LDR  04322cgm a2200613 a 4500
=001  000540730
=003  NNU
=004  NYUb13531948
=005  20090409153731.0
=006  m\\\\\\\\z\\\\\\\\
=007  vd\cvaizu
=007  vf\ciahou
=007  cr\cna
=007  cr\|||||||||||
=008  070904e20000708bl\056\\\\\\\\\\\\vlspa\d
=024  7\$aHI2007_113_01$2nyu-hidvl
=024  7\$aHI2007.113_01$2nyu-hidvl
=040  \\$aNNU$cNNU$eamim
=041  0\$aspa
=245  00$aMiguel Rubio & Teresa Ralli (Grupo Cultural Yuyachkani)$h[videorecording] :$bkeynote address.
=246  3\$aGrupo Cultural Yuyachkani :$bkeynote address
=246  3\$aMiguel Rubio & Teresa Ralli :$bkeynote addresses
=260  \\$c2000 July 8.
=300  \\$3master.$a1 videocassette of 1 (Digital Betacam) (56 min.) :$bsd., col. ;$c1/2 in.
=300  \\$3viewing copy.$a1 videodisc of 1 (DVD) (56 min.) :$bsd., col. ;$c4 3/4 in.
=530  \\$aAlso available online as streaming video.
=546  \\$aIn Spanish.
=500  \\$aTitle supplied by Hemispheric Institute.
=500  \\$aPart of the Hemispheric Institute Digital Video Library.
=534  \\$pMedia source original:$e1 videocassette of 1 (Mini DV) : sd., col. ; 1/4 in. SP.$mPanasonic DVM90 ME.
=518  \\$aKeynote addresses given in Rio de Janeiro, Brazil, on July 8, 2000, as part of the First Annual Hemispheric Institute Seminar and Conference, titled "Performance and Politics in the Americas".
=508  \\$aHemispheric Institute of Performance and Politics, producer ; UNIRIO (Universidade Federal do Estado do Rio de Janeiro), producer ; Grupo Cultural Yuyachkani, creator.
=511  1\$aMiguel Rubio Zapata, keynote speaker ; Teresa Ralli, keynote speaker.
=520  \\$aPeru's most important theater collective, Grupo Cultural Yuyachkani has been working since 1971 at the forefront of theatrical experimentation, political performance, and collective creation. Yuyachkani is a Quechua word that means I am thinking, I am remembering; under this name, the theater group has devoted itself to the collective exploration of embodied social memory, particularly in relation to questions of ethnicity, violence, and memory in Peru. Their work has been among the most important in Latin Americas so called New Popular Theater, with a strong commitment to grass-roots community issues, mobilization, and advocacy. Yuyachkani won Perus National Human Rights Award in 2000. Known for its creative embrace of both indigenous performance forms as well as cosmopolitan theatrical forms, Yuyachkani offers insight into Peruvian and Latin American theater, and to broader issues of postcolonial social aesthetics. In this keynote address, celebrated in the context of the first Encuentro of the Hemispheric Institute of Performance and Politics, held at Rio de Janeiro, Brazil in 2000, Yuyachkanis director Miguel Rubio Zapata and performer Teresa Ralli talk about the role of the director in the creative process of the group, as well as about the creative process of Yuyachkanis play Antígona, also showcased at the Encuentro. The artists frame their work in the context of Latin American experimental theater practices and in relation to Yuyachkani's outstanding trajectory.
=540  \\$aThere are copyright restrictions on this collection. For more information, go to the online version of this video.
=650  \0$aExperimental theater.
=650  \0$aTheater$xProduction and direction.
=650  \0$aTheatrical producers and directors.
=653  \\$aPerformance and politics
=653  \\$aLatin American theater
=655  \7$aKeynote address.$2nyu-hidvl
=700  1\$aRubio Zapata, Miguel.$4spk
=700  1\$aRalli, Teresa.$4spk
=710  2\$aGrupo Cultural Yuyachkani.$4cre
=710  2\$aUniversidade do Rio de Janeiro.$4pro
=710  2\$aHemispheric Institute of Performance and Politics.$4pro
=710  2\$aHemispheric Institute Digital Video Library.
=711  2\$aHemispheric Institute Encuentro$n(1st :$d2000 :$cRio de Janeiro, Brazil).$tPerformance and politics in the Americas.
=856  40$uhttp://hdl.handle.net/2333.1/tht76hrr

