=LDR  06110cgm a2200553 a 4500
=001  003964372
=005  20140421225840.0
=006  m\\\\\\\\c\\\\\\\\
=007  cr\cna|||m|||a
=007  cr\|||||||||||
=008  140311e20000926mau078\\\\\\\\s\\\vlspa\d
=024  7\$aHI2013_015_01$2nyu-hidvl
=040  \\$aNNU$beng$cNNU
=041  0\$aspa
=043  \\$as-pe---
=245  00$aYuyachkani's Antígona at the New WORLD Theater Intersection II Conference$h[videorecording] /$cGrupo Cultural Yuyachkani, creator ; Miguel Rubio Zapata, director ; New WORLD Theater, producer ; José Watanabe, writer.
=246  30$aAntígona
=246  31$aAntigone
=260  \\$c2000 Sep. 26.
=300  \\$3viewing copy.$astreaming video (77 min., 54 sec.) :$bsd., col.
=490  1\$aNew WORLD Theater collection
=546  \\$aIn Spanish.
=500  \\$aTitle supplied by Hemispheric Institute.
=500  \\$aPart of the Hemispheric Institute Digital Video Library.
=518  \\$aPerformed at the University of Massachusetts, Amherst, Mass., on September 26, 2000, as part of the Second International Conference of the New WORLD Theater, titled "Intersection II", held from September 26-29, 2000.
=511  1\$aTeresa Ralli, performer.
=520  \\$aFrom September 26-29, 2000 on the campus of the University of Massachusetts, New WORLD Theater convened a major national and international gathering, ‘Intersection II,’ a conference/performance festival focused on interdisciplinary and intercultural theater work. ‘Intersection II’ included international participation, while examining innovative theater practice within community, and national and global spheres. The event brought together artists, intellectuals, theater producers, arts presenters, and arts activists to explore the process, evolution, and dynamics of making theater in the dawning moments of the 21st century. One of the featured performances was ‘Antígona,’ directed by Miguel Rubio Zapata and masterfully performed by Teresa Ralli, founding member of Grupo Cultural Yuyachkani (Peru). This one-woman performance of José Watanabe’s version of Sophocles classic tragedy is a breathtaking example of the devastation caused by twenty years of civil violence in Peru. Although this is the story of only one character, it speaks for the nearly 70,000 disappeared men, women and children of Peru, and for the thousands of survivors who are still fighting for their right to mourn their loved ones.
=520  \\$aPeru’s most important theater collective, Grupo Cultural Yuyachkani has been working since 1971 at the forefront of theatrical experimentation, political performance, and collective creation. Yuyachkani is a Quechua word that means ‘I am thinking, I am remembering;’ under this name, the theater group has devoted itself to the collective exploration of embodied social memory, particularly in relation to questions of ethnicity, violence, and memory in Peru. Their work has been among the most important in Latin Americas so called New Popular Theatre, with a strong commitment to grass-roots community issues, mobilization, and advocacy. Yuyachkani won Peru’s National Human Rights Award in 2000. Known for its creative embrace of both indigenous performance forms as well as cosmopolitan theatrical forms, Yuyachkani offers insight into Peruvian and Latin American theater, and to broader issues of postcolonial social aesthetics.
=520  \\$aFrom 1979-2009, the New WORLD Theater worked at the intersection of artistic practice, community engagement, scholarship, and activism toward a vision of a ‘new world’—one that broke the confines of multiculturalism and was an artistic harbinger of America’s shifting demographics. From a geographic ‘outpost’ in New England, New WORLD Theater evolved from a community organizing project and the Northeast point on a theater touring compass, to a protective studio to hone new work, a site of international intersections from South Africa to the South Bronx, and the home of inspired and rigorous collaborations with Western Massachusetts youth. New performance work development at New WORLD defied the conventional theater play lab as ghetto for artists of color; artists were met where they wanted to be in the imagining of new approaches, methods, and production. One of New WORLD Theater’s artistic legacies is Project 2050, a multi-year youth arts initiative built on the demographic projection that people of color would become the majority in the United States by 2050. The program brought together professional artists, youth communities from Massachusetts, scholars, and community activists to engage civic dialogue and create original performances based on themes that addressed young performers’ dreams and concerns. Performances were created from workshops that included playwriting, poetry, breakdancing, drumming, beatboxing, lyricism, singing, songwriting, stepping, and visual art.
=534  \\$pMedia source original:$e1 videocassette of 1 (VHS) : sd., col. ; 1/2 in. SP.$mSony T-120.
=540  \\$aThere are copyright restrictions on this collection. For more information, go to the online version of this video.
=600  00$aSophocles.$tAntigone.
=650  \0$aPolitical atrocities$zPeru$vDrama.
=600  00$aAntigone$c(Mythological character)$vDrama.
=655  \7$aPerformance.$2nyu-hidvl
=655  \7$aTheater.$2nyu-hidvl
=655  \7$aPolitical theater.$2nyu-hidvl
=655  \7$aOne-person show (Performing arts)$2nyu-hidvl
=700  1\$aRubio Zapata, Miguel.$4drt
=700  1\$aWatanabe, José,$d1946-$4aut
=700  0\$aSophocles.$tAntigone.
=700  1\$aRalli, Teresa.$4prf
=710  2\$aGrupo Cultural Yuyachkani.$4cre
=710  2\$aNew WORLD Theater.$4pro
=710  2\$aHemispheric Institute Digital Video Library.
=711  2\$aNew WORLD Theater International Conference$n(2nd :$d2000 :$cUniversity of Massachusetts, Amherst, Mass.).$tIntersection II.
=830  \0$aNew WORLD Theater collection.
=856  40$uhttp://hdl.handle.net/2333.1/sxksn1wb

