=LDR  05127cgm  2200745 a 4500
=001  000563629
=003  NNU
=004  NYUb13556682
=005  20140421142735.0
=006  m\\\\\\\\z\\\\\\\\
=007  vd\cvaizu
=007  vf\ciahou
=007  cr\cna
=007  \\vd
=007  cr\|||||||||||
=008  071121e20000429nyu099\\\\\\\\\\\\vleng\d
=024  7\$aHI2005_047_A_01$2nyu-hidvl
=024  7\$aHI2005_047_B_01$2nyu-hidvl
=024  7\$aHI2005.047_01_A$2nyu-hidvl
=035  \\$a(NYU)NYUb13556682
=040  \\$aNNU$cNNU$eamim
=245  00$aIndian Summer 2000 :$bSpeaking, singing, dancing in beauty$h[videorecording].
=246  30$aSpeaking, singing, dancing in beauty
=246  3\$iTitle on DVD title screen:$aIndian Summer 2000
=260  \\$c2000 Apr. 29.
=300  \\$a2 videocassettes of 2 (Digital Betacam) (99 min.) :$bsd., col. ;$c1/2 in.$3master.
=300  \\$a2 videodiscs of 2 (DVD) (99 min. : pt.A, 88 min. ; pt.B, 11 min.) :$bsd., col. ;$c4 3/4 in.$3viewing copy.
=490  1\$aAmerican Indian Community House collection
=530  \\$aAlso available online as streaming video.
=500  \\$aTitle supplied by Hemispheric Institute.
=500  \\$aPart of the Hemispheric Institute Digital Video Library.
=534  \\$pMedia source original:$e1 videocassette of 1 (VHS) : analog sd., col. ; 1/2 in.
=518  \\$aPerformed at The American Indian Community House, New York City, on Apr. 29, 2000.
=508  \\$aAmerican Indian Community House, producer ; George Stonefish, Tim Hays, Clifford Bernie (a.k.a. Storm Horse), creators.
=511  0\$aTim Hays (HoChunk), concert pianist ; Clifford Bernie (Yankton Sioux), poet ; George Stonefish (Mohawk), host.
=520  \\$a'The Beauty Way,' in Navajo philosophy, poses that each person was born for a purpose and once that purpose has been found it is his or her responsibility to live up to it. Beauty is to know who you are and to follow that path. Your responsibility is to share the wisdom and knowledge you have gained. This American Indian Community House Indian Summer event, 'Speaking, Singing, Dancing in Beauty,' includes a poetry reading by Clifford Bernie and performance by concert pianist, Tim Hays. George Stonefish speaks about his journey from incarceration to release and concludes the evening by leading the audience in a round dance. The American Indian Community House (AICH) is an urban Indian center that services the needs of the Native people living in New York City and welcomes Native visitors to the city. AICH was founded in 1969 and has become a de facto 'neighborhood' serving as a meeting place for the diverse Native community of the New York City area. 
=520  \\$aThe Community House offers a variety of services ranging from substance abuse and HIV counseling, to career assistance. It is also home to the only Indian owned and operated art gallery in New York City. The AICH's Performing Arts Department has become an important resource for Native visual and performance artists. Through its programming, performance has become an important educational vehicle, both for the Native and non-Native NY community. The Badger's Corner, initiated in the 1980's, is an education-via-entertainment vehicle for the AICH's visual and performing arts department programs. Taking its name from the Pueblo legend of the four-legged creature who led the Pueblo people out of the underworld after the great flood, the intent of its programming is to inform and challenge people to rethink their concept(s) of Native American people and customs. All performances at AICH are presented under the auspices of the Badger's Corner.   
=520  \\$a'Indian Summer' is an annual event at AICH and an occasion for artists to present their latest works to the community and the general public. All performers, whether new to the field or veteran practitioners, are encouraged to present their work.  
=540  \\$aThere are copyright restrictions on this collection. For more information, go to the online version of this video.
=650  \0$aNavajo philosophy.
=650  \0$aSelf-realization.
=650  \0$aNavajo Indians.
=650  \0$aRound dancing.
=653  \\$aBeauty
=655  \7$aPerformance.$2nyu-hidvl
=655  \7$aVariety show.$2nyu-hidvl
=655  \7$aTraditional Native dance.$2nyu-hidvl
=655  \7$aConcert piano.$2nyu-hidvl
=655  \7$aPoetry reading.$2nyu-hidvl
=655  \7$aOral history.$2nyu-hidvl
=700  1\$aStonefish, George.$4cre$4hst
=700  1\$aHays, Tim,$cpianist.$4cre$4mus
=700  0\$aStorm Horse$c(Writer)$4cre$4aut$4prf
=710  2\$aAmerican Indian Community House (New York, N.Y.)$4pro
=710  2\$aHemispheric Institute Digital Video Library.
=830  \0$aAmerican Indian Community House collection.
=853  00$81$apt.
=863  50$81.1$aA$p31142046122662
=863  50$81.2$aB$p31142046122670
=856  40$uhttp://hdl.handle.net/2333.1/sxksn0dr
=954  \\$81$aVolumes

