=LDR  03948cgm a2200493 a 4500
=001  003964261
=005  20140421225807.0
=006  m\\\\\\\\c\\\\\\\\
=007  cr\cna|||m|||a
=007  cr\|||||||||||
=008  140310e20000707bl\011\\\\\\\\s\\\vlspa\d
=024  7\$aHI2013_020_01$2nyu-hidvl
=040  \\$aNNU$beng$cNNU
=041  0\$aspa$aeng$apor
=043  \\$an------$as------
=245  00$aOpening remarks for the 1st Hemispheric Institute Encuentro$h[videorecording] :$bDiana Taylor, Zeca Ligiéro, Luis Peirano, and Javier Serna.
=260  \\$c2000 July 7.
=300  \\$3viewing copy.$astreaming video (10 min., 50 sec.) :$bsd., col.
=546  \\$aIncludes Spanish, English, and Portuguese.
=500  \\$aTitle supplied by Hemispheric Institute.
=500  \\$aPart of the Hemispheric Institute Digital Video Library.
=518  \\$aOpening remarks given in Rio de Janeiro, Brazil, on July 7, 2000, as part of the First Annual Hemispheric Institute Seminar and Conference, titled "Performance and Politics in the Americas".
=508  \\$aHemispheric Institute of Performance and Politics, producer.
=511  0\$aDiana Taylor, Zeca Ligiéro, Luis Peirano, and Javier Serna, speakers.
=520  \\$aThe Hemispheric Institute of Performance and Politics held its first Encuentro in Rio de Janeiro, Brazil, July 2-15, 2000. Participants included artists, scholars, graduate students, and activists. This eclectic and culturally diverse group, from countries throughout the Americas, captured the spirit of Encuentros: to provide a forum that encourages an interdisciplinary exploration of the relationship between performance and politics from diverse cultural perspectives. This is a video documentation of the opening remarks by Zeca Ligiéro, Diana Taylor, Luis Peirano, and Javier Serna, who introduce the general theme of the first Encuentro, ‘Performance and Politics in the Americas,’ as well as future events.
=520  \\$aThe Hemispheric Institute of Performance and Politics is a collaborative, multilingual and interdisciplinary network of institutions, artists, scholars, and activists throughout the Americas. Working at the intersection of scholarship, artistic expression and politics, the organization explores embodied practice - performance - as a vehicle for the creation of new meaning and the transmission of cultural values, memory and identity. Anchored in its geographical focus on the Americas (thus ‘hemispheric’) and in three working languages (English, Spanish and Portuguese), the Institute's goal is to promote vibrant interactions and collaborations at the level of scholarship, art practice and pedagogy among practitioners interested in the relationship between performance and politics in the hemisphere.
=534  \\$pMedia source original:$e1 videocassette of 1 (VHS) : sd., col. ; 1/2 in. SP.$mSony Premium DVM60-ME.
=540  \\$aThere are copyright restrictions on this collection. For more information, go to the online version of this video.
=610  20$aHemispheric Institute of Performance and Politics.
=611  20$aHemispheric Institute Encuentro$n(1st :$d2000 :$cRio de Janeiro, Brazil).$tPerformance and politics in the Americas.
=650  \0$aArts$xPolitical aspects$zAmerica.
=650  \0$aPerformance art$zAmerica.
=650  \0$aTheater$zAmerica.
=650  \0$aInterdisciplinary approach to knowledge.
=655  \7$aSpeech.$2nyu-hidvl
=700  1\$aTaylor, Diana,$d1950-$4spk
=700  1\$aLigiéro, Zeca,$d1950-$4spk
=700  1\$aPeirano Falconi, Luis.$4spk
=700  1\$aSerna, Javier.$4spk
=710  2\$aHemispheric Institute of Performance and Politics.$4pro
=710  2\$aHemispheric Institute Digital Video Library.
=711  2\$aHemispheric Institute Encuentro$n(1st :$d2000 :$cRio de Janeiro, Brazil).$tPerformance and politics in the Americas.
=856  40$uhttp://hdl.handle.net/2333.1/63xsj5hs

