=LDR  04225cgm a2200481 a 4500
=001  003964268
=005  20140421225820.0
=006  m\\\\\\\\c\\\\\\\\
=007  cr\cna|||m|||a
=007  cr\|||||||||||
=008  140310e20000707bl\031\\\\\\\\s\\\vlpor\d
=024  7\$aHI2013_020_03$2nyu-hidvl
=024  7\$aHI2013_021_01$2nyu-hidvl
=040  \\$aNNU$beng$cNNU
=041  0\$apor$aeng
=043  \\$an------$as------
=245  00$aWelcome speech to the 1st Hemispheric Institute Encuentro$h[videorecording] :$bMarcos Terena.
=260  \\$c2000 July 7.
=300  \\$3viewing copy.$astreaming video (30 min., 20 sec.: pt.1, 12 min., 2 sec. ; pt.2, 18 min., 18 sec.) :$bsd., col.
=546  \\$aIncludes Portuguese and English.
=500  \\$aTitle supplied by Hemispheric Institute.
=500  \\$aPart of the Hemispheric Institute Digital Video Library.
=518  \\$aOpening welcome speech given in Rio de Janeiro, Brazil, on July 7, 2000, as part of the First Annual Hemispheric Institute Seminar and Conference, titled "Performance and Politics in the Americas".
=508  \\$aHemispheric Institute of Performance and Politics, producer ; Larry La Fountain-Stokes, translator.
=511  0\$aMarcos Terena, speaker.
=520  \\$aThe Hemispheric Institute of Performance and Politics held its first Encuentro in Rio de Janeiro, Brazil, July 2-15, 2000. Participants included artists, scholars, graduate students, and activists. This eclectic and culturally diverse group, from countries throughout the Americas, captured the spirit of Encuentros: to provide a forum that encourages an interdisciplinary exploration of the relationship between performance and politics from diverse cultural perspectives. This is a video documentation of the welcoming by Marcos Terena, member of the Terena indigenous people, who discusses the political implications in the theorization and practice of ‘indigenous performance’ and intercultural encounters. He remembers the invasions and colonization of indigenous populations, and the ongoing history of dispossession that still affect indigenous communities. Marcos Terena’s perspective, however, is inclusive and open towards multi-cultural encounters as the ones promoted during the Hemispheric Institute Encuentros. For him, to be respected in our differences provides a ground for dialogue and learning.
=520  \\$aThe Hemispheric Institute of Performance and Politics is a collaborative, multilingual and interdisciplinary network of institutions, artists, scholars, and activists throughout the Americas. Working at the intersection of scholarship, artistic expression and politics, the organization explores embodied practice - performance - as a vehicle for the creation of new meaning and the transmission of cultural values, memory and identity. Anchored in its geographical focus on the Americas (thus ‘hemispheric’) and in three working languages (English, Spanish and Portuguese), the Institute's goal is to promote vibrant interactions and collaborations at the level of scholarship, art practice and pedagogy among practitioners interested in the relationship between performance and politics in the hemisphere.
=534  \\$pMedia source original:$e2 videocassettes of 2 (VHS) : sd., col. ; 1/2 in. SP.$mSony Premium DVM60-ME.
=540  \\$aThere are copyright restrictions on this collection. For more information, go to the online version of this video.
=650  \0$aTerena Indians$zBrazil.
=650  \0$aIndigenous art$xPolitical aspects.
=650  \0$aPerformance art$xPolitical aspects.
=650  \0$aCultural relations.
=650  \0$aIndigenous peoples$xCommunication
=650  \0$aIndigenous peoples$xCivil rights
=655  \7$aSpeech.$2nyu-hidvl
=700  1\$aTerena, Marcos.$d1950-$4spk
=700  1\$aLa Fountain-Stokes, Lawrence M.$q(Lawrence Martin),$d1968-$4trl
=710  2\$aHemispheric Institute of Performance and Politics.$4pro
=710  2\$aHemispheric Institute Digital Video Library.
=711  2\$aHemispheric Institute Encuentro$n(1st :$d2000 :$cRio de Janeiro, Brazil).$tPerformance and politics in the Americas.
=856  40$uhttp://hdl.handle.net/2333.1/2bvq851w

