=LDR  05285cgm a2200601 a 4500
=001  003961740
=005  20140421225040.0
=006  m\\\\\\\\c\\\\\\\\
=007  cr\cna|||m|||a
=007  cr\|||||||||||
=008  140307s2000\\\\mau004\\\\\\\\s\\\vleng\d
=024  7\$aHI2013_009_03$2nyu-hidvl
=040  \\$aNNU$beng$cNNU
=041  0\$aeng
=245  00$aProject 2050$h[videorecording] :$bashy ankles /$cJamie Trahan and Mikiko Thelwell, creators ; Yiannis Astor, Robert Bolden, Tiffany Campbell, Jamille Hazard, Cassie Madera, Elizabeth Pagan, Mikiko Thelwell, Mildred Ruiz, Roberta Uno, collaborators ; New WORLD Theater, producer.
=246  31$aAshy ankles
=260  \\$c2000.
=300  \\$3viewing copy.$astreaming video (4 min.) :$bsd., col.
=490  1\$aNew WORLD Theater collection
=546  \\$aIn English.
=500  \\$aTitle supplied by Hemispheric Institute.
=500  \\$aPart of the Hemispheric Institute Digital Video Library.
=518  \\$aPerformed at the University of Massachusetts in Amherst, Massachusetts, in 2000.
=508  \\$aJungles Moving Pictures, video production.
=511  1\$aCristina Delgado, Damaris Delgado, Jamille Hazard, Aisha Jordan, Mikiko Thelwell, performers.
=520  \\$aFrom 1979-2009, the New WORLD Theater worked at the intersection of artistic practice, community engagement, scholarship, and activism toward a vision of a 'new world' - one that broke the confines of multiculturalism and was an artistic harbinger of America's shifting demographics. From a geographic 'outpost' in New England, New WORLD Theater evolved from a community organizing project and the Northeast point on a theater touring compass, to a protective studio to hone new work, a site of international intersections from South Africa to the South Bronx, and the home of inspired and rigorous collaborations with Western Massachusetts youth. New performance work development at New WORLD defied the conventional theater play lab as ghetto for artists of color; artists were met where they wanted to be in the imagining of new approaches, methods, and production. One of New WORLD Theater’s artistic legacies is Project 2050, a multi-year youth arts initiative built on the demographic projection that people of color would become the majority in the United States by 2050. The program brought together professional artists, youth communities from Massachusetts, scholars, and community activists to engage civic dialogue and create original performances based on themes that addressed young performers' dreams and concerns. Performances were created from workshops that included playwriting, poetry, breakdancing, drumming, beatboxing, lyricism, singing, songwriting, stepping, and visual art.
=520  \\$aIn 'Ashy Ankles,' Project 2050's young performers explore oppressive statements around race and gender that they have experienced as young women of color. This oppression is clearly structural when discrimination comes from the ones who must take care of youth and must empower students: the teachers. Repeating the line 'lies my teacher told me' with vigorous sound and noise, the young performers on stage materialize the contradictions and isolation they confronted within an education system intended to replicate the same spiral of abuse and discrimination that pervades society. The young women weave chorus song and wording with quickstep movement, thus being empowered by their bodies and voices. They re-appropriate the oppressive statements and affirm their identities from their own viewpoints as women of color, and unveil their teachers' oppressive gesture claiming that 'they lied.' The piece ends with the young women stating 'they lied' to point out the false truth of the oppressive statements projected onto them, and defying any pretended determination of their future, showing themselves as creative and strong human beings. By inviting the audience with the statement 'look at me know,' they demonstrate that social change is possible from and through each empowered individual.
=534  \\$pMedia source original:$e1 videocassette of 1 (VHS) : sd., col. ; 1/2 in. SP.$mMaxell P/l Plus T-120
=540  \\$aThere are copyright restrictions on this collection. For more information, go to the online version of this video.
=650  \0$aPerforming arts and youth.
=650  \0$aSocial justice.
=650  \0$aYouth$xPolitical activity
=650  \0$aRace$xSocial aspects.
=650  \0$aWomen, Black$xSocial aspects.
=655  \7$aPerformance.$2nyu-hidvl
=655  \7$aTheater.$2nyu-hidvl
=655  \7$aSpoken word.$2nyu-hidvl
=700  1\$aTrahan, Jamie.$4cre
=700  1\$aThelwell, Mikiko.$4cre$4ctb$4prf
=700  1\$aAstor, Yiannis.$4ctb
=700  1\$aBolden, Robert.$4ctb
=700  1\$aCampbell, Tiffany.$4ctb
=700  1\$aHazard, Jamille.$4ctb$4prf
=700  1\$aMadera, Cassie.$4ctb
=700  1\$aPagan, Elizabeth.$4ctb
=700  1\$aRuiz, Mildred.$4ctb
=700  1\$aUno, Roberta,$d1956-$4ctb
=710  2\$aJungles Moving Pictures.$4vdg
=710  2\$aNew WORLD Theater.$4pro
=710  2\$aHemispheric Institute Digital Video Library.
=830  \0$aNew WORLD Theater collection.
=856  40$uhttp://hdl.handle.net/2333.1/m0cfxs7n

