=LDR  04089cgm a2200469 a 4500
=001  003961709
=005  20140421225003.0
=006  m\\\\\\\\c\\\\\\\\
=007  cr\cna|||m|||a
=007  cr\|||||||||||
=008  140307s2000\\\\mau006\\\\\\\\s\\\vleng\d
=024  7\$aHI2013_009_01$2nyu-hidvl
=040  \\$aNNU$beng$cNNU
=041  0\$aeng
=245  00$aProject 2050$h[videorecording] :$btime capsule /$cRoberta Uno with Keith Bailey, creators ; New WORLD Theater, producer.
=246  31$aTime capsule
=260  \\$c2000.
=300  \\$3viewing copy.$astreaming video (5 min., 36 sec.) :$bsd., col.
=490  1\$aNew WORLD Theater collection
=546  \\$aIn English.
=500  \\$aTitle supplied by Hemispheric Institute.
=500  \\$aPart of the Hemispheric Institute Digital Video Library.
=518  \\$aPerformed at the University of Massachusetts in Amherst, Massachusetts, in 2000.
=511  1\$aJosh Arond, Tiffany Campbell, Cristina Delgado, Damaris Delgado, MJ Donoghue, Jamille Hazard, Aisha Jordan, Andre McPherson, Nuk Thann, Mikiko Thelwell, performers.
=520  \\$aFrom 1979-2009, the New WORLD Theater worked at the intersection of artistic practice, community engagement, scholarship, and activism toward a vision of a 'new world' - one that broke the confines of multiculturalism and was an artistic harbinger of America's shifting demographics. From a geographic 'outpost' in New England, New WORLD Theater evolved from a community organizing project and the Northeast point on a theater touring compass, to a protective studio to hone new work, a site of international intersections from South Africa to the South Bronx, and the home of inspired and rigorous collaborations with Western Massachusetts youth. New performance work development at New WORLD defied the conventional theater play lab as ghetto for artists of color; artists were met where they wanted to be in the imagining of new approaches, methods, and production. One of New WORLD Theater’s artistic legacies is Project 2050, a multi-year youth arts initiative built on the demographic projection that people of color would become the majority in the United States by 2050. The program brought together professional artists, youth communities from Massachusetts, scholars, and community activists to engage civic dialogue and create original performances based on themes that addressed young performers' dreams and concerns. Performances were created from workshops that included playwriting, poetry, breakdancing, drumming, beatboxing, lyricism, singing, songwriting, stepping, and visual art.
=520  \\$aIn 'Time Capsule,' youth performers explore social-political issues that directly affect their lives. Difference in opportunities based on class, spread violence, the AIDS pandemic, racism, amongst other social and political issues, are embodied on stage and transmitted as concrete realities. The performers intertwine these issues to their own lives through narrative, gesture and song, building little pieces of a social fabric – and addressing a society where they are looking for their own place. From this very personal point of view, they critically evaluate how the world is in the present, and what they expect, fear, and hope for the future.
=534  \\$pMedia source original:$e1 videocassette of 1 (VHS) : sd., col. ; 1/2 in. SP.$mMaxell P/l Plus T-120
=540  \\$aThere are copyright restrictions on this collection. For more information, go to the online version of this video.
=650  \0$aPerforming arts and youth.
=650  \0$aSocial justice.
=650  \0$aYouth$xPolitical activity
=655  \7$aPerformance.$2nyu-hidvl
=655  \7$aTheater.$2nyu-hidvl
=655  \7$aSpoken word.$2nyu-hidvl
=655  \7$aMusic.$2nyu-hidvl
=700  1\$aUno, Roberta,$d1956-$4cre
=700  1\$aBailey, Keith.$4cre
=710  2\$aNew WORLD Theater.$4pro
=710  2\$aHemispheric Institute Digital Video Library.
=830  \0$aNew WORLD Theater collection.
=856  40$uhttp://hdl.handle.net/2333.1/bg79cr7d

