=LDR  04948cgm a2200457 a 4500
=001  003964369
=005  20140421225832.0
=006  m\\\\\\\\c\\\\\\\\
=007  cr\cna|||m|||a
=007  cr\|||||||||||
=008  140311e20000926mau023\\\\\\\\s\\\vleng\d
=024  7\$aHI2013_015_02$2nyu-hidvl
=040  \\$aNNU$beng$cNNU
=041  0\$aeng$aspa
=245  00$aOpening remarks for the New WORLD Theater Intersection II Conference$h[videorecording] /$cNew WORLD Theater, producer.
=260  \\$c2000 Sep. 26.
=300  \\$3viewing copy.$astreaming video (22 min., 50 sec.) :$bsd., col.
=490  1\$aNew WORLD Theater collection
=546  \\$aIncludes English and Spanish.
=500  \\$aTitle supplied by Hemispheric Institute.
=500  \\$aPart of the Hemispheric Institute Digital Video Library.
=518  \\$aOpening remarks given at the University of Massachusetts, Amherst, Mass., on September 26, 2000, as part of the Second International Conference of the New WORLD Theater, titled "Intersection II", held from September 26-29, 2000.
=511  0\$aRoberta Uno, Woodie King Jr., speakers ; Mildred Ruiz, singer.
=520  \\$aFrom September 26 to 29, 2000 on the campus of the University of Massachusetts, New WORLD Theater convened a major national and international gathering, ‘Intersection II,’ a conference/performance festival focused on interdisciplinary and intercultural theater work. ‘Intersection II’ included international participation, while examining innovative theater practice within community, and national and global spheres. The event brought together artists, intellectuals, theater producers, arts presenters, and arts activists to explore the process, evolution, and dynamics of making theater in the dawning moments of the 21st century. New WORLD Theater’s conference and festival also examined new work practices by artists of color and showcased multidisciplinary theater pieces on the cutting edge of new aesthetics. This video documentation of the inauguration and welcoming of ‘Intersection II’ shows how the event bridged the worlds of creativity and scholarship, community activism and professional performance. Roberta Uno discusses the social politics of New WORLD Theater in the same space where Mildred Ruiz enacts this vision and mission through her songs. This event is an example of commitment to further national conversations on cultural equity, emerging aesthetics and activism through the arts.
=520  \\$aFrom 1979-2009, the New WORLD Theater worked at the intersection of artistic practice, community engagement, scholarship, and activism toward a vision of a ‘new world’—one that broke the confines of multiculturalism and was an artistic harbinger of America’s shifting demographics. From a geographic ‘outpost’ in New England, New WORLD Theater evolved from a community organizing project and the Northeast point on a theater touring compass, to a protective studio to hone new work, a site of international intersections from South Africa to the South Bronx, and the home of inspired and rigorous collaborations with Western Massachusetts youth. New performance work development at New WORLD defied the conventional theater play lab as ghetto for artists of color; artists were met where they wanted to be in the imagining of new approaches, methods, and production. One of New WORLD Theater’s artistic legacies is Project 2050, a multi-year youth arts initiative built on the demographic projection that people of color would become the majority in the United States by 2050. The program brought together professional artists, youth communities from Massachusetts, scholars, and community activists to engage civic dialogue and create original performances based on themes that addressed young performers’ dreams and concerns. Performances were created from workshops that included playwriting, poetry, breakdancing, drumming, beatboxing, lyricism, singing, songwriting, stepping, and visual art.
=534  \\$pMedia source original:$e1 videocassette of 1 (VHS) : sd., col. ; 1/2 in. SP.$mSony T-120.
=540  \\$aThere are copyright restrictions on this collection. For more information, go to the online version of this video.
=650  \0$aPerforming arts$xPolitical aspects.
=650  \0$aSocial justice.
=650  \0$aPolitical participation.
=650  \0$aPerformance artists$xPolitical activity.
=655  \7$aAcademic presentation.$2nyu-hidvl
=700  1\$aUno, Roberta,$d1956-$4spk
=700  1\$aKing, Woodie.$4spk
=700  1\$aRuiz, Mildred.$4sng
=710  2\$aNew WORLD Theater.$4pro
=710  2\$aHemispheric Institute Digital Video Library.
=711  2\$aNew WORLD Theater International Conference$n(2nd :$d2000 :$cUniversity of Massachusetts, Amherst, Mass.).$tIntersection II.
=830  \0$aNew WORLD Theater collection.
=856  40$uhttp://hdl.handle.net/2333.1/xpnvx2cf

