=LDR  04179cgm a2200673 a 4500
=001  000539704
=003  NNU
=004  NYUb13530819
=005  20090409123114.0
=006  m\\\\\\\\z\\\\\\\\
=007  vd\cvaizu
=007  vf\ciahou
=007  cr\cna
=007  cr\|||||||||||
=008  070830e20000730cau066\\\\\\\\\\\\vleng\d
=024  7\$aHI2007_080_01$2nyu-hidvl
=024  7\$aHI2007_122_01$2nyu-hidvl
=024  7\$aHI2007.080_01$2nyu-hidvl
=040  \\$aNNU$cNNU$eamim
=041  0\$aeng$aspa
=043  \\$an-us-ca
=079  \\$a(OCoLC)878606872
=245  00$aBernabé$h[videorecording].
=260  \\$c2000 July 30.
=300  \\$3viewing copy.$a2 videodiscs of 2 (DVD) (66 min. : pt.1, 63 min. ; pt.2, 3 min.) :$bsd., col. ;$c4 3/4 in.
=300  \\$3master.$a2 videocassettes of 2 (Digital Betacam) (66 min.) :$bsd., col. ;$c1/2 in.
=490  1\$aEl Teatro Campesino collection
=530  \\$aAlso available online as streaming video.
=546  \\$aIn English and Spanish.
=500  \\$aTitle supplied by Hemispheric Institute.
=500  \\$aPart of the Hemispheric Institute Digital Video Library.
=534  \\$pMedia source original:$e2 videocassettes of 2 (Mini DV) : sd., col. ; 1/4 in. SP.$mPanasonic DVM60.
=518  \\$aPerformed in San Juan Bautista, California, on July 30, 2000.
=508  \\$aEl Teatro Campesino, producer ; Kinan Valdez, director ; Luis Valdez, writer.
=511  1\$aAnahuac Valdez, Jeremiah Martinez, Katrina Valdez, Gus Manrique, Grace Serna, Johnny Martinez, Cesar Flores.
=520  \\$aFounded in 1965 by Luis Valdez, El Teatro Campesino (www.elteatrocampesino.com) was initially the cultural wing of the United Farm Workers union in California's central valley. With a pointed political mission, ETC performed their 'actos' in the fields, agitprop improvisations communicated eloquently with the workers, who could neither read nor write, but recognized themselves and their values in the actos. By 1970 ETC had gained an international reputation, with major contributions to Chicano culture in the U.S. and to the development and expansion of the boundaries of theater everywhere. Theirs is a popular theater rooted in the American streets, early California history, Mayan/Aztec mythology and Mexican folklore and spiritualism, all geared toward expression of social, political and cultural perceptions. This video documents ETC's play 'Bernabé.' Written in 1970 and revived in 2000, the action of the piece takes place in the small fictional town of Burlap, located in the central San Joaquin Valley of California. With a population of only a couple of thousand inhabitants, Burlap is the hometown of Bernabé, a mentally retarded farm worker who is 'touched by cosmic madness.' The performance takes us from the sun-baked reality of the valley into the mythological darkness of Bernabe's mind. The abstract set reflects the world of its protagonist, blending myth and reality, above and below the surface of the earth. Burlap, California is also the setting for another Luis Valdez' play, 'Mundo Mata,' a period piece that exposes the raw realities of life in a small farmworker town.
=540  \\$aThere are copyright restrictions on this collection. For more information, go to the online version of this video.
=610  20$aUnited Farm Workers$vDrama.
=650  \0$aAgricultural laborers$zCalifornia$vDrama.
=651  \0$aSan Joaquin Valley (Calif.)
=653  \\$aChicano theater
=655  \7$aPerformance.$2nyu-hidvl
=655  \7$aTheater.$2nyu-hidvl
=655  \7$aChicano theater.$2nyu-hidvl
=700  1\$aValdez, Kinana.$4drt
=700  1\$aValdez, Luis.$4aut
=710  2\$aTeatro Campesino (Organization)
=710  2\$aHemispheric Institute Digital Video Library.
=830  \3$aEl Teatro Campesino collection.
=856  40$uhttp://hdl.handle.net/2333.1/8sf7m0mm
=853  00$81$apt.
=863  50$81.1$a1$p31142045977256
=863  50$81.2$a2$p31142045979229
=954  \\$81$aVolumes

