=LDR  05117cgm a22007575a 4500
=001  000515705
=003  NNU
=004  NYUb13504651
=005  20140421144321.0
=006  m\\\\\\\\z\\\\\\\\
=007  vd\cvaizu
=007  vf\ciahou
=007  cr\cna
=007  \\vd
=007  cr\|||||||||||
=008  070612e20000407mau098\\\\\\\\\\\\vleng\d
=024  7\$aHI2007_044_A_01$2nyu-hidvl
=024  7\$aHI2007_044_B_01$2nyu-hidvl
=024  7\$aHI2007.044_01_A$2nyu-hidvl
=035  \\$a(NYU)NYUb13504651
=040  \\$aNNU$cNNU$eamim
=245  00$aSalad of the Bad Café$h[videorecording].
=246  3\$aSalad of the Bad Café (2000)
=260  \\$c2000 Apr. 7.
=300  \\$3master.$a2 videocassettes of 2 (Digital Betacam) (98 min.) :$bsd., col. ;$c1/2 in.
=300  \\$3viewing copy.$a2 videodiscs of 2 (DVD) (98 min. : pt.A, 73 min. ; pt.B, 25 min.) :$bsd., col. ;$c4 3/4 in.
=490  1\$aSplit Britches video collection
=530  \\$aAlso available online as streaming video.
=500  \\$aTitle supplied by Hemispheric Institute.
=500  \\$aPart of the Hemispheric Institute Digital Video Library.
=534  \\$pMedia source original:$e1 videocassette of 1 (VHS) : sd., col. ; 1/2 in. SP.$mSony T-120HG.
=518  \\$aPerformed in Boston, Massachusetts, on Apr. 7, 2000.
=508  \\$aSplit Britches, producer ; Lois Weaver, director, writer ; Peggy Shaw, Stacy Makishi, writers.
=511  1\$aLois Weaver, Peggy Shaw, Stacy Makishi.
=520  \\$aSince 1981, the Split Britches Company (founded by Lois Weaver, Peggy Shaw, and Deb Margolin, www.splitbritches.com) has written and performed in trio, duet, and solo, as well as collaborated and performed with other artists. They describe their work in this way: 'Our work is rooted in popular culture, but positioned against it. It relies on moments rather than plot, relationships rather than story. It depends on the surprise of transformation rather than the logic of psychological narrative. It straddles the line between performance and theater, exploiting theatricality while exposing the pretense. It is about a community of outsiders, queers, eccentrics. It is feminist because it encourages the imaginative potential in everyone and lesbian because it takes the presence of lesbian on stage as a given.' Their vaudevillian satirical gender-bending performances have received numerous awards, including a Jane Chamber award and four Village Voice OBIE awards. 
=520  \\$aTheir collection of scripts, 'Split Britches Feminist Performance/Lesbian Practice', edited by Sue Ellen Case, won the 1997 Lambda Literary Award for Drama. 'Salad of the Bad Café' is a postmodern cabaret written and performed by Lois Weaver and Peggy Shaw of Split Britches and Asian American performance artist Stacy Makishi. Inspired by Carson McCullers' story 'The Ballad of the Sad Café' and the lives of Tennessee Williams and Yukio Mishima, it is a treatise on love in a post-claustrophobic era. The play begins in 1945, in the summer that lay between the war and the postwar period when Japan was weeping, the American South was seething and the word 'gender' was mostly used in grammar class.   
=520  \\$aThe setting is a café where people come to spend a few hours so that the 'deep bitter knowing that their life is not worth much can be laid to rest.' Racial, gender and regional stereotypes such as 'the drunken homosexual writer, the gender outlaw, the homo-erotic cowboy, the reluctant lesbian bride, the mutant refugee, the faded southern belle, the geisha and the soldier,' come together to tell a story of unrequited love, in an attempt to demystify the Queer, disorient the Orient and demythify the Southern Gothic and the American Grotesque. This is one of the most recent versions of the piece, performed in Boston in 2000.  
=540  \\$aThere are copyright restrictions on this collection. For more information, go to the online version of this video.
=650  \0$aLesbian theater.
=650  \0$aFeminist theater.
=650  \0$aStereotypes (Social psychology)
=650  \0$aUnrequited love.
=653  \\$aGender & race stereotypes
=655  \7$aPerformance.$2nyu-hidvl
=655  \7$aTheater.$2nyu-hidvl
=655  \7$aLesbian theater.$2nyu-hidvl
=655  \7$aFeminist theater.$2nyu-hidvl
=655  \7$aWork-in-progress.$2nyu-hidvl
=655  \7$aPerformances (entertainment events).$2aat
=655  \7$aPerformance art.$2aat
=655  \7$aTheater (discipline).$2aat
=700  1\$aWeaver, Lois.$4drt$4aut$4prf
=700  1\$aShaw, Peggy.$4aut$4prf
=700  1\$aMakishi, Stacy.$4aut$4prf
=710  2\$aSplit Britches (Theatre company)$4pro
=710  2\$aHemispheric Institute Digital Video Library.
=830  \0$aSplit Britches video collection.
=853  00$81$apt.
=863  50$81.1$aA$p31142045845784
=863  50$81.2$aB$p31142045845776
=856  40$uhttp://hdl.handle.net/2333.1/xsj3txp4
=954  \\$81$aVolumes

