=LDR  03422cgm a22006135a 4500
=001  001010723
=003  NNU
=004  NYUb12827286
=005  20090409155538.0
=006  m\\\\\\\\z\\\\\\\\
=007  vd|cvadzu
=007  vf|ciahou
=007  vd|cvadzu
=007  cr\|||||||||||
=008  031013e200107uumx\030\\\\\\\\\\\\vlspa\d
=024  7\$aHI2003_029_01$2nyu-hidvl
=024  7\$aHI2003.029_01$2nyu-hidvl
=035  \\$a(NYU)NYUb12827286
=040  \\$aNNU$cNNU$eamim
=041  0\$aspa
=043  \\$amwcu---$anwcu---
=245  00$aInterview with Marianela Boán$h[videorecording].
=246  30$aMarianela Boán
=260  \\$c2001 July.
=300  \\$3viewing copy.$a1 videodisc of 1 (DVD) (30 min.) :$bsd., col. ;$c4 3/4 in.
=300  \\$3master.$a1 videocassette of 1 (Digital Betacam) (30 min.) :$bsd., col. ;$c1/2 in.
=530  \\$aAlso available online as streaming video.
=546  \\$aIn Spanish.
=500  \\$aTitle supplied by Hemispheric Institute.
=500  \\$aPart of the Hemispheric Institute Digital Video Library.
=534  \\$pMedia source original :$e1 videocassette of 1 (Mini DV) : sd., col. ; 1/4 in.$mPanasonic MiniDV.
=518  \\$aInterviewed in Monterrey, Mexico, in July 2001, as part of the Second Annual Hemispheric Institute Seminar entitled Memory, Atrocity and Resistance.
=508  \\$aHemispheric Institute of Performance and Politics, producer ; Nadia Baram, videographer.
=511  0\$aMarianela Boán, interviewee ; Shanna Lorenz, interviewer.
=520  \\$aInterview with Marianela Boán, conducted by Shanna Lorenz during the 2nd Encuentro of the Hemispheric Institute of Performance and Politics, celebrated in June of 2001 in Monterrey, Mexico under the title Memory, Atrocity and Resistance. Marianela Boán graduated from Cubas National School of Dance in 1971 and received a degree in Hispanic Literature and Language from Havana University in 1981. For 15 years she worked as a dancer and choreographer for the dance company, Contemporary Dance of Cuba, which toured internationally. In 1988, she founded DanzAbierta where she has created a signature style mixing visual arts, theater, singing and music with dance to work through harsh contemporary conflicts. She calls her style danza contaminada (polluted dance). Her other choreography works have included the Cuban National Ballet, Venezia Balleto, and film works in Cuba, Canada, and Spain.
=540  \\$aThere are copyright restrictions on this collection. For more information, go to the online version of this video.
=600  10$aBoán, Marianela$vInterviews.
=610  20$aDanza Abierta (Dance group)
=650  \0$aDance$zCuba.
=650  \0$aDancers$zCuba$vInterviews.
=650  \0$aChoreographers$zCuba$vInterviews.
=653  \\$aContemporary dance Cuba
=655  \7$aInterview.$2nyu-hidvl
=700  1\$aBoán, Marianela.$4ive
=700  1\$aLorenz, Shanna.$4ivr
=700  1\$aBaram, Nadia.$4vdg
=710  2\$aHemispheric Institute of Performance and Politics.$4pro
=710  2\$aHemispheric Institute Digital Video Library.
=711  2\$aHemispheric Institute Encuentro$n(2nd :$d2001 :$cMonterrey, Mexico).$tMemory, atrocity and resistance.
=856  40$uhttp://hdl.handle.net/2333.1/4mw6m92b

