=LDR  05172cgm a22007695a 4500
=001  001012312
=003  NNU
=004  NYUb12828981
=005  20090409155544.0
=006  m\\\\\\\\z\\\\\\\\
=007  vd|cvaizu
=007  vf|ciahou
=007  vd|cvaizu
=007  cr\|||||||||||
=008  031013e200106uumx\099\\\\\\\\\\\\vlspa\d
=024  7\$aHI2004_007_01$2nyu-hidvl
=024  7\$aHI2004_008_01$2nyu-hidvl
=024  7\$aHI2004.007_01$2nyu-hidvl
=040  \\$aNNU$cNNU$eamim
=041  1\$aspa$aeng
=043  \\$anwcu---
=245  00$aDanzAbierta$h[videorecording] :$bChorus perpetuus.
=246  3\$aDanzAbierta performs Chorus Perpetuus
=260  \\$c2001 June.
=300  \\$3viewing copy.$a2 videodiscs of 2 (DVD) (99 min.) :$bsd., col. ;$c4 3/4 in.
=300  \\$3master.$a2 videocassettes of 2 (Digital Betacam) (99 min.) :$bsd., col. ;$c1/2 in.
=530  \\$aAlso available online as streaming video.
=546  \\$aIn Spanish and English.
=500  \\$aTitle supplied by Hemispheric Institute.
=500  \\$aPart of the Hemispheric Institute Digital Video Library.
=518  \\$aPerformed at Teatro de la Ciudad in Monterrey, Mexico, in June 2001, as part of the Second Annual Hemispheric Institute Seminar entitled Memory, Atrocity and Resistance.
=534  \\$pMedia source original:$e2 videocassettes of 2 (Mini DV) : sd., col. ; 1/4 in.$mSony Mini DV premium.
=508  \\$aDanzAbierta, creator, producer ; Alejandro Aquilar, producer ; Hemispheric Institute of Performance and Politics, producer ; Marianela Boán, director, choreographer ; Nadia Baram, videographer.
=511  0\$aJulio César Manfugás Foster, Marilyn Castillo Laffita, Urialya Hernández Bancada, José Antonio Hevia Carrero, Odwen Beovides González, dancers.
=520  \\$aVideo documentation of DanzAbiertas performance Chorus Perpetuus presented as a part of the 2nd Encuentro of the Hemispheric Institute of Performance and Politics, celebrated in June of 2001 in Monterrey, Mexico under the title Memory, Atrocity and Resistance. Chorus Perpetuus is a fascinatingly comic, playful, but also sad reflection on freedom, collectivity, and the necessity of responsible action. DanzAbierta sings and winds itself wordlessly through Gershwin, Mozart, Pergolesi, and Simons and only interrupts itself as one or the other dancer breaks out of the line, fails to meet the tone and steps into action individually. To the repeated question ¿Por qué te vas? (Why are you leaving?), this choreographic work explores the tightrope balancing acts between the individual and the collective, their affects and perils, their complex ethical and political implications. Founded in 1988 by Marianela Boán, the Cuban dance company DanzAbierta has presented internationally at festivals and on tours in Latin America, Europe, and Asia. The award winning dance company is known for its unique style mixing artistic expressions of theater, the visual arts, and singing. Marianela Boán graduated from the National School of Dance in 1971 and received a degree in Hispanic Literature and Language from Havana University in 1981. For 15 years she worked as a dancer and choreographer for the dance company, Contemporary Dance of Cuba, which toured internationally. In 1988, she founded DanzAbierta where she has created a signature style mixing visual arts, theater, singing and music with dance to work through harsh contemporary conflicts. She calls her style 'danza contaminada' (polluted dance). Her other choreography works have included the Cuban National Ballet, Venezia Balleto, and film works in Cuba, Canada, and Spain.
=540  \\$aThere are copyright restrictions on this collection. For more information, go to the online version of this video.
=650  \0$aDance$zCuba.
=650  \0$aMusic$zCuba$y20th century.
=653  \\$aContemporary dance
=655  \7$aPerformance.$2nyu-hidvl
=655  \7$aDance.$2nyu-hidvl
=655  \7$aContemporary dance.$2nyu-hidvl
=655  \7$aPolitical performance.$2nyu-hidvl
=655  \7$aCuban dance.$2nyu-hidvl
=655  \7$aPolluted dance/Danza contaminada.$2nyu-hidvl
=700  1\$aBoán, Marianela.$4drt$4chr
=700  1\$aAquilar, Alejandro.$4pro
=700  1\$aBaram, Nadia.$4vdg
=700  1\$aManfugás Foster, Julio César.$4dnc
=700  1\$aCastillo Laffita, Marilyn.$4dnc
=700  1\$aHernández Bancada, Urialya.$4dnc
=700  1\$aHevia Carrero, José Antonio.$4dnc
=700  1\$aBeovides Gonzáles, Odwen.$4dnc
=710  2\$aDanza Abierta (Dance group)$4cre$4pro
=710  2\$aHemispheric Institute of Performance and Politics.$4pro
=710  2\$aHemispheric Institute Digital Video Library.
=711  2\$aHemispheric Institute Encuentro$n(2nd :$d2001 :$cMonterrey, Mexico).$tMemory, atrocity and resistance.
=853  20$81$apt.
=863  50$81.1$a1$p31142042654395
=863  50$81.2$a2$p31142042654387
=856  40$uhttp://hdl.handle.net/2333.1/c2fqz64s
=954  \\$81$aVolumes

