=LDR  03523ngm a2200469   4500
=001  004163115
=005  20150728111625.0
=006  m\\\\\\\\c\\\\\\\\
=007  cr\cna|||m|||a
=007  cr\|||||||||||
=008  150728e20010802nyu100\\\\\\\\s\\\vleng\d
=024  7\$aHI2013_058_01$2nyu-hidvl
=040  \\$aNNU$beng$cNNU
=041  0\$aeng$aspa
=245  00$aSlanguage$h[videorecording] /$cUniverses, creator; Jo Bonney, director.
=260  \\$c2001 Aug. 2.
=300  \\$3viewing copy.$astreaming video (99 min., 25 sec.) :$bsd., col.
=490  1\$aUNIVERSES Collection.
=546  \\$aIn English and Spanish.
=500  \\$aPart of the Hemispheric Institute Digital Video Library.
=500  \\$aTitle supplied by the Hemispheric Institute.
=508  \\$aScott Pask, set designer; James Vermeulen, lighting designer; Darron L. West, sound designer; Batwin + Robin Productions, Inc., production designer; Katherine Lee Boyer, production stage manager; Sharinka Niles, assistant stage manager; Character Generators Inc., videography.
=511  1\$aGamal Abdel Chasten, Lemon Andersen, Flaco Navaja, Mildred Ruiz, Steven Sapp, performers.
=518  \\$aRecorded at the NY Theater Workshop, NYC on August 2, 2001.
=520  \\$aUniverses is a New York-based poetic theatre ensemble company of multi-disciplinary writers and performers who fuse poetry, theater, jazz, hip-hop, politics, down home blues, and Hispanic boleros to create moving, challenging and entertaining theatrical works. The group breaks traditional theatrical bounds to explore new ways of making theater. Founded in New York in 1996, the members of Universes came together in the urban poetry scene of the late 1990s. Through sessions at the New York Theatre Workshop and residencies with New WORLD Theater, their work is now internationally acclaimed. They have performed at venues throughout the United States and toured extensively world-wide.
=520  \\$aThe boundary-smashing 'Slanguage' brings together the unique mix of language and culture that is life on the United States' streets. Built loosely around the structure of a subway ride from Brooklyn to the Bronx, this piece synthesizes traditional theater with poetry, storytelling, rap, gospel, jazz riffs, bluesy laments, Spanish boleros, and other poetic forms, to paint a rich portrait of the sights and sounds of New York City. Through 'Slanguage,' Universes integrates theatre and street humor with emotional truth, amplifying the issues of poverty, family, drugs, racism, and street violence, yet finding hope in the contemporary urban landscape, and believing in the power of language to create social change through collective words, stories, and narratives.
=534  \\$pMedia source original:$e1 videocassette (VHS) : sd., col. ; 1/2 in. SP.$m[no brand, black labeled box]
=540  \\$aThere are copyright restrictions on this collection. For more information, go to the online version of this video.
=650  \0$aTheater$xPolitical aspects
=650  \0$aJazz$xPolitical aspects.
=650  \0$aHip-hop.
=650  \0$aMulticulturalism.
=650  \0$aMultilingualism.
=650  \0$aSocial change.
=651  \0$aNew York (N.Y.)$xSocial conditions
=655  \7$aPerformance.$2nyu-hidvl
=700  1\$aBonney, Jo.$4drt
=710  2\$aUniverses (Performance group)$4cre
=710  2\$aHemispheric Institute Digital Video Library.
=830  \0$aUNIVERSES Collection.
=856  40$uhttp://hdl.handle.net/2333.1/34tmpjd0

