=LDR  04148cgm a22006495a 4500
=001  000511322
=003  NNU
=004  NYUb13499695
=005  20080307122249.0
=006  m\\\\\\\\z\\\\\\\\
=007  vd\cvaizu
=007  vf\ciahou
=007  cr\cna
=007  cr\|||||||||||
=008  070523e20010911ck\045\\\\\\\\\\\\vlspa\d
=024  7\$aHI2006_124_01$2nyu-hidvl
=024  7\$aHI2006.124_01$2nyu-hidvl
=040  \\$aNNU$cNNU$eamim
=041  0\$aspa
=043  \\$as-ck---
=245  03$aUn episodio banal$h[videorecording].
=260  \\$c2001 Sept. 11.
=300  \\$3master.$a1 videocassette of 1 (Digital Betacam) (45 min.) :$bsd., col. ;$c1/2 in.
=300  \\$3viewing copy.$a1 videodisc of 1 (DVD) (45 min.) :$bsd., col. ;$c4 3/4 in.
=490  1\$aDramaturgia de género : Teatro La Máscara collection
=530  \\$aAlso available online as streaming video.
=546  \\$aIn Spanish.
=500  \\$aTitle supplied by Hemispheric Institute.
=500  \\$aPart of the Hemispheric Institute Digital Video Library.
=534  \\$pMedia source original:$e1 videocassette of 1 (VHS) : sd., col. ; 1/2 in. SP.$mSony T-120.
=518  \\$aPerformed in Cali, Colombia, on Sept. 11, 2001.
=508  \\$aTeatro La Máscara, producer, props and costumes ; Enrique Buenaventura, writer ; Lucy Bolaños, director ; Pilar Restrepo, adaptation ; Héctor Fabio Ortega, videographer ; Mauricio Holguín, set and lighting design, set technician.
=511  1\$aClaudia Morales (protagonist), Janeth Mesías (protagonist).
=520  \\$aWritten by Enrique Buenaventura and adapted by Pilar Restrepo, Teatro La Máscara's 'Un Episodio Banal' is the story of two sisters confronting the psychological labyrinth of domestic violence. The younger sister, pregnant, seeks shelter in her sister's house and family; while there, she unveils the complex violent dynamics of power, luxury, abuse and denial in which her sister is immersed through her marriage to a mobster. Teatro La Máscara is the oldest - and one of the only - feminist, all-women's theater in Colombia. Founded in 1972 in Cali, La Máscara was a political theater initially comprised of male as well as female actors; by the early 1980s, when only the women stayed and wanted to continue the theatrical trajectory of the group, Lucy Bolaños decided to make La Máscara a women's ensemble fully dedicated to a feminine dramaturgy on gender issues. Committed to feminism and social change, they have stayed true to this mission, despite the many social and economic pressures they've had to endure in an environment plagued by violence and machismo, which constantly seeks to 'invisibilize' their work. Because of their fruitful stubbornness, La Máscara is not only creating and staging plays, but also working with marginalized communities, actively participating in political protests and demonstrations, and being involved in the organization of theater festivals. Through their work, they keep re-thinking women's role in the construction of a peaceful Colombia.
=540  \\$aThere are copyright restrictions on this collection. For more information, go to the online version of this video.
=650  \0$aFeminist theater$zColombia.
=650  \0$aTheater$zColombia.
=650  \0$aFamily violence.
=650  \0$aFamily violence$xPsychological aspects.
=653  \\$aDomestic violence$aPsychology
=655  \7$aPerformance.$2nyu-hidvl
=655  \7$aTheater.$2nyu-hidvl
=655  \7$aFeminist theater.$2nyu-hidvl
=700  1\$aBuenaventura, Enrique.$4aut
=700  1\$aBolaños, Lucy.$4drt
=700  1\$aRestrepo, Pilar,$d1958-$4adp
=700  1\$aMorales, Claudia.$4prf
=700  1\$aMesías, Janeth.$4prf
=710  2\$aTeatro La Máscara (Cali, Colombia)$4pro
=710  2\$aHemispheric Institute Digital Video Library.
=830  \0$aDramaturgia de género : Teatro La Máscara collection
=856  40$uhttp://hdl.handle.net/2333.1/w9ghx3sv

