=LDR  03473ngm  2200445   4500
=001  004094008
=005  20150124113544.0
=006  m\\\\\\\\c\\\\\\\\
=007  cr\cna|||m|||a
=007  cr\|||||||||||
=008  150118e20010618mx\046\\\\\\\\s\\\vlspa\d
=024  7\$aHI2013_051_01$2nyu-hidvl
=040  \\$aNNU$beng$cNNU
=041  0\$aspa
=245  00$aMaris Bustamante's lecture/performance$h[videorecording] :$besto no es un caballito$cHemispheric Institute of Performance and Politics, producer ; Maris Bustamante, creator.
=246  3\$aEsto no es un caballito
=260  \\$c2001 June 18.
=300  \\$3viewing copy.$astreaming video (45 min., 18 sec.) :$bsd., col.
=500  \\$aTitle supplied by the Hemispheric Institute.
=500  \\$aPart of the Hemispheric Institute Digital Video Library.
=511  0\$aAntonio Prieto S., presenter.
=518  \\$aPerformed in Monterrey, Mexico on June 18, 2001, as part of the Second Annual Hemispheric Institute Seminar entitled Memory, Atrocity and Resistance.
=520  \\$aStarting with a semiotic performative that states ‘this is not a performance,’ this lecture/performance is another turn of the screw of René Magritte’s ‘this is not a pipe’ and Fernando Muñoz’ ‘this is not a cow.’ The relationship between performance and art tradition intertwines with a constant interpellation of the audience, blurring the boundaries between art and life. In the Q&A, Maris Bustamante renders her understanding of what non-objective arts are, and how gender roles can perform in art. A juicy conversation about her trajectory includes insights about gender and sexuality, feminist art, maternity, and her work with Polvo de gallina negra and No-Grupo.
=520  \\$aMaris Bustamante is neo trans post conceptualist strident visual producer. Since her first happening in 1971, Maris Bustamante (1949, Mexico) - a graduate from the Escuela Nacional de Pintura y Escultura La Esmeralda at Mexico City - began ‘a search for non-traditional support’ or what she called ‘non-objective art.’ In 1977, along with other artists, she started a movement of ‘savage vanguard’ called ‘No-Grupo.’ With No-Grupo Bustamante created humored and caustic performances where gender was a major source material. In 1983, Bustamante and Mónica Mayer founded the first feminist art collective in Mexico, Polvo de Gallina Negra (Black Hen Powder) - a name based in the popular belief that black hen’s powder is a protection against evil eye or, in this case, attacks against feminism.
=534  \\$pMedia source original:$e1 videocassette (Mini DV) : sd., col. ; 1/4 in. SP.$mSony Premium DVM60-ME
=540  \\$aThere are copyright restrictions on this collection. For more information, go to the online version of this video.
=546  \\$aIn Spanish.
=600  10$aBustamante, Maris.
=610  20$aNo Grupo (Artists' group)
=650  \0$aArt$xPolitical aspects
=650  \0$aArt, Abstract.
=650  \0$aFeminism and art$zLatin America.
=655  \7$aPerformance.$2nyu-hidvl
=655  \7$aLecture.$2nyu-hidvl
=700  1\$aBustamante, Maris.$4cre
=710  2\$aHemispheric Institute of Performance and Politics.$4pro
=710  2\$aHemispheric Institute Digital Video Library.
=711  2\$aHemispheric Institute Encuentro$n(2nd :$d2001 :$cMonterrey, Mexico).$tMemory, atrocity and resistance.
=856  40$uhttp://hdl.handle.net/2333.1/q83bk5zp

