=LDR  02826cgm a22006015a 4500
=001  000509574
=003  NNU
=004  NYUb13497800
=005  20080229171104.0
=006  m\\\\\\\\z\\\\\\\\
=007  vd\cvaizu
=007  vf\ciahou
=007  cr\cna
=007  cr\|||||||||||
=008  070517s2001\\\\xxu001\\\\\\\\\\\\vleng\d
=024  7\$aHI2006_105_02$2nyu-hidvl
=024  7\$aHI2006.105_02$2nyu-hidvl
=040  \\$aNNU$cNNU$eamim
=245  00$aSparkler$h[videorecording].
=260  \\$c2001.
=300  \\$3master.$a1 videocassette of 1 (Digital Betacam) (1 min.) :$bsd., col. ;$c1/2 in.
=300  \\$3viewing copy.$a1 videodisc of 1 (DVD) (1 min.) :$bsd., col. ;$c4 3/4 in.
=490  1\$aNao Bustamante video collection
=530  \\$aAlso available online as streaming video.
=500  \\$aHI2006.105_02 contained on disc HI2006.105_01.
=500  \\$aTitle supplied by Hemispheric Institute.
=500  \\$aPart of the Hemispheric Institute Digital Video Library.
=534  \\$pMedia source original:$e1 videocassette of 1 (Mini DV) : sd., col. ; 1/4 in. SP.
=518  \\$aPerformed in the United States in 2001.
=508  \\$aNao Bustamante, producer, creator.
=511  1\$aNao Bustamante.
=520  \\$aNao Bustamante (www.naobustamante.com) is an internationally known performance artist born in California. Her work encompasses performance art, installation, video, pop music and experimental rips in time. She has performed in galleries, museums, universities and underground sites throughout Asia, Africa, Europe, New Zealand, Australia, Canada, Mexico and the United States. She is currently teaching New Media and Live Art at Rensselaer Polytechnic Institute, New York. 'Sparkler' is a compressed moment, an image the speaks of vulnerability, shame and pride rolled into one. The celebration of a woman, prone.
=540  \\$aThere are copyright restrictions on this collection. For more information, go to the online version of this video.
=650  \0$aRisk-taking (Psychology)
=650  \0$aWomen entertainers.
=650  \0$aHispanic American artists.
=653  \\$aPerformance art
=653  \\$aRisk in performance
=653  \\$aWomen in performance
=653  \\$aLatino artists
=653  \\$aVulnerability in performance
=655  \7$aPerformance.$2nyu-hidvl
=655  \7$aPerformance art.$2nyu-hidvl
=655  \7$aOne-person shows (Performing arts).$2nyu-hidvl
=700  1\$aBustamante, Nao.$4cre$4pro$4prf
=710  2\$aHemispheric Institute Digital Video Library.
=830  \0$aNao Bustamante video collection.
=856  40$uhttp://hdl.handle.net/2333.1/6q573nc7

