=LDR  04127cgm a22006735a 4500
=001  001012972
=003  NNU
=004  NYUb12829677
=005  20090409155548.0
=006  m\\\\\\\\z\\\\\\\\
=007  vd|cvaizu
=007  vf|ciahou
=007  vd|cvaizu
=007  cr\|||||||||||
=008  031013e200106uumx\120\\\\\\\\\\\\vlspa\d
=024  7\$aHI2004_009_01$2nyu-hidvl
=024  7\$aHI2004_010_01$2nyu-hidvl
=024  7\$aHI2004.009_01$2nyu-hidvl
=040  \\$aNNU$cNNU$eamim
=041  0\$aspa$aeng
=043  \\$an-mx---$an-us---
=245  00$aJime Calder & Sigfrido Aguilar$h[videorecording] :$bThe Alamo piece.
=246  30$aAlamo piece
=246  3\$aAlamo show
=260  \\$c2001 June.
=300  \\$3viewing copy.$a2 videodiscs of 2 (DVD) (120 min.) :$bsd., col. ;$c4 3/4 in.
=300  \\$3master.$a2 videocassettes of 2 (Digital Betacam) (120 min.) :$bsd., col. ;$c1/2 in.
=530  \\$aAlso available online as streaming video.
=546  \\$aIn Spanish and English.
=500  \\$aTitle supplied by Hemispheric Institute.
=500  \\$aPart of the Hemispheric Institute Digital Video Library.
=534  \\$pMedia source original:$e2 videocasettes of 2 (DV) : sd., col. ; 1/4 in.$mSony Mini DV premium.
=518  \\$aPerformed at Teatro de la Ciudad in Monterrey, Mexico, in June 2001, as part of the Second Annual Hemispheric Institute Seminar entitled Memory, Atrocity and Resistance.
=508  \\$aHemispheric Institute of Performance and Politics, producer ; Jim Calder, creator, writer, director ; Sigfrido Aguilar, creator, writer ; Bárbara Pollit, mask-maker ; Nadia Baram, videographer.
=511  1\$aJim Calder, Sigfrido Aguilar.
=520  \\$aVideo documentation of Jim Calder and Sigfrido Aguilars performance The Alamo Piece presented as part of the 2nd Encuentro of the Hemispheric Institute of Performance and Politics, celebrated in June of 2001 in Monterrey, Mexico under the title Memory, Atrocity and Resistance. The Alamo Piece is a story of hope, history, NAFTA and the transformation of the US-Mexico border. The piece is an energized trip of the imaginary about the poetry and the people of the borderlands. Performance artist, Jim Calder, has toured both solo and company productions throughout the United States and Europe. In New York City his work has been seen at Performance Space 122, the Kitchen, Theater for the New City, and INTAR. He is co-recipient of the Rockefeller's U.S. - Mexico Fund for Culture with Sigfrido Aguilar. Jim is an instructor and director at the New York University Graduate Acting Program and has received grants from the New York Foundation for the Arts, Jerome Foundation, New York State Council on the Arts, and the National Endowment for the Arts. Sigfrido Aguilar has worked internationally as a one-person performance artist and also with the Comedic Pantomime Theater Company. Aguilar is the founder and director of the first school of miming, clowning and movement in Mexico.
=540  \\$aThere are copyright restrictions on this collection. For more information, go to the online version of this video.
=651  \0$aMexican-American Border Region$vDrama.
=651  \0$aMexican-American Border Region.
=655  \7$aPerformance.$2nyu-hidvl
=655  \7$aTheater.$2nyu-hidvl
=655  \7$aPolitical performance.$2nyu-hidvl
=700  1\$aCalder, James M.$4cre$4aut$4drt$4prf
=700  1\$aAguilar, Sigfrido.$4cre$4aut$4prf
=700  1\$aPollit, Bárbara.$4oth
=700  1\$aBaram, Nadia.$4vdg
=710  2\$aHemispheric Institute of Performance and Politics.$4pro
=710  2\$aHemispheric Institute Digital Video Library.
=711  2\$aHemispheric Institute Encuentro$n(2nd :$d2001 :$cMonterrey, Mexico).$tMemory, atrocity and resistance.
=853  00$81$apt.
=863  50$81.1$a1$p31142042159171
=863  50$81.2$a2$p31142042654361
=856  40$uhttp://hdl.handle.net/2333.1/7d7wm3bh
=954  \\$81$aVolumes

