=LDR  03964cgm  22006135a 4500
=001  000505881
=003  NNU
=004  NYUb13493794
=005  20080318155136.0
=006  m\\\\\\\\z\\\\\\\\
=007  vd\bvaizu
=007  vf\biahou
=007  cr\bna
=007  cr\|||||||||||
=008  070503e200107uunyu042\\\\\\\\\\\\vleng\d
=024  7\$aHI2006_062_01$2nyu-hidvl
=024  7\$aHI2006.062_01$2nyu-hidvl
=040  \\$aNNU$cNNU$eamim
=043  \\$an-us---
=245  04$aThe fraud$h[videorecording].
=260  \\$c2001 July.
=300  \\$a1 videocassette of 1 (Digital Betacam) (42 min.) :$bsd., b&w ;$c1/2 in.$3master.
=300  \\$a1 videodisc of 1 (DVD) (42 min.) :$bsd., b&w ;$c4 3/4 in.$3viewing copy.
=490  1\$aSusana Cook collection
=530  \\$aAlso available online as streaming video.
=500  \\$aTitle supplied by Hemispheric Institute.
=500  \\$aPart of the Hemispheric Institute Digital Video Library.
=534  \\$pMedia source original:$e1 videocassette of 1 (Mini DV) : sd., b&w ; 1/4 in. SP.$mTDK DVME60.
=518  \\$aPerformed at WOW Café Theatre, New York City, in July 2001.
=508  \\$aSusana Cook, producer, director, writer, set design ; Julian Mesri, videographer, original score.
=511  1\$aSusana Cook, Mistah, Migdalia Jimenez, Alison Duncan, Imani Henry, Nora, Saira.
=520  \\$aSusana Cook (www.susanacook.com) is a New York-based Argentinean theater and performance artist. Mainly directed to queer and Latino communities in New York City, Cook's work also encompasses a heated response to broader State policies that oppress communities defined in the intersection of race, gender, and class. In her shows, Cook parodies discourses of power, drawing attention to the close ties between the state, religious and political conservatism, and the military. Cook's plays usually feature all-women casts that defy the normative performance of gender, race, and sexuality. 'The Fraud' was performed after the 2000 controversial elections in the United States. The play addresses the rights that were lost under the Bush administration, when most of the social services were cut off and the poor and marginalized lost the basic support that kept them alive. In the play, the characters experience feelings of loss and confusion. They end up not knowing if they ever had what they think they have lost. The audience is invited to put 25 cents, and a black woman will die, right there, in front of them. During the rest of the scenes, the characters experience apathy, fear, and desperation while dealing with all the dead bodies around them. In the last scene, they 'represent' the people from Third-World countries; the ones who were not called to vote, but that will be affected by the measures enforced by the president of the United States. Because US policies will affect their lives deeply, they claim their right to vote.
=540  \\$aThere are copyright restrictions on this collection. For more information, go to the online version of this video.
=650  \0$aElections$xCorrupt practices$zUnited States.
=650  \0$aPresidents$zUnited States$xElection.
=650  \0$aSocial classes$zUnited States.
=650  \0$aIdentity (Psychology)
=653  \\$aIdentity politics
=653  \\$aQueer/Gay/Lesbian
=653  \\$aPolitical performance
=655  \7$aPerformance.$2nyu-hidvl
=655  \7$aTheater.$2nyu-hidvl
=655  \7$aPolitical performance.$2nyu-hidvl
=655  \7$aQueer/Gay/Lesbian performance.$2nyu-hidvl
=700  1\$aCook, Susana.$4pro$4aut$4drt$4std$4prf
=700  1\$aMesri, Julian.$4vdg$4cmp
=710  2\$aHemispheric Institute Digital Video Library.
=830  \0$aSusana Cook collection.
=856  40$uhttp://hdl.handle.net/2333.1/cjsxksv9

