=LDR  04689cgm a2200505 a 4500
=001  003964250
=005  20140421225759.0
=006  m\\\\\\\\c\\\\\\\\
=007  cr\cna|||m|||a
=007  cr\|||||||||||
=008  140310s2001\\\\mx\044\\\\\\\\s\\\vlspa\d
=024  7\$aHI2013_017_01$2nyu-hidvl
=040  \\$aNNU$beng$cNNU
=041  0\$aspa
=043  \\$as-pe---
=245  00$aEntrevista con Ana Correa (Grupo Cultural Yuyachkani)$h[videorecording] =$bInterview with Ana Correa (Grupo Cultural Yuyachkani).
=246  31$aInterview with Ana Correa (Grupo Cultural Yuyachkani)
=246  30$aAna Correa (Grupo Cultural Yuyachkani)
=260  \\$c2001 July.
=300  \\$3viewing copy.$astreaming video (43 min., 10 sec.) :$bsd., col.
=546  \\$aIn Spanish.
=500  \\$aTitle supplied by Hemispheric Institute.
=500  \\$aPart of the Hemispheric Institute Digital Video Library.
=518  \\$aInterviewed in Monterrey, Mexico, in July 2001, as part of the Second Annual Hemispheric Institute Seminar entitled Memory, Atrocity and Resistance.
=508  \\$aHemispheric Institute of Performance and Politics, producer.
=511  0\$aAna Correa, interviewee ; Fernando Calzadilla, interviewer.
=520  \\$aIn this interview, Ana Correa recounts her beginnings with the group, where she found dialogue and openness to create theater. Yuyachkani’s piece ‘Allpa Rayku’ marks the group’s quest for Peruvian deep traditions and the Andean world, as well as Correa’s own identity and connections with her own indigenous roots. Traveling throughout Peru, the group found diverse sources of inspiration for the ‘cholificación’ of their proposal – an aesthetic and political project that encompassed Peruvian local spheres within larger global concerns. The group’s members’ training, and their deep investigation and experience as actors, is intertwined with a self-reflection as a group. Their performances provide a space for marginalized civilians to speak and to be heard, and present the violence suffered by the country in the crossfire between terrorist group ‘Sendero Luminoso’ and the Peruvian Government and Army. The country was devastated by this violence, and sunk in an internal void and fragility. Yuyachkani worked with this, convinced that theater make us better human beings. Correa explains how Yuyachkani actors are companions for the character, who is always in the foreground, and how the group has worked in coordination with popular organizations, NGOs, and communities. She highlights the role of the Hemispheric Institute of Performance and Politics’ international events and Encuentros, a space that brings a necessary aperture – a space to sit down together and try to understand each other.
=520  \\$aPeru’s most important theater collective, Grupo Cultural Yuyachkani has been working since 1971 at the forefront of theatrical experimentation, political performance, and collective creation. Yuyachkani is a Quechua word that means ‘I am thinking, I am remembering;’ under this name, the theater group has devoted itself to the collective exploration of embodied social memory, particularly in relation to questions of ethnicity, violence, and memory in Peru. Their work has been among the most important in Latin Americas so called New Popular Theatre, with a strong commitment to grass-roots community issues, mobilization, and advocacy. Yuyachkani won Peru’s National Human Rights Award in 2000. Known for its creative embrace of both indigenous performance forms as well as cosmopolitan theatrical forms, Yuyachkani offers insight into Peruvian and Latin American theater, and to broader issues of postcolonial social aesthetics.
=534  \\$pMedia source original:$e1 videocassette of 1 (VHS) : sd., col. ; 1/2 in. SP.$mMaxell T-120 GX.
=540  \\$aThere are copyright restrictions on this collection. For more information, go to the online version of this video.
=600  10$aCorrea, Ana$vInterviews.
=610  20$aGrupo Cultural Yuyachkani.
=650  \0$aPolitical atrocities$zPeru.
=610  20$aSendero Luminoso (Guerrilla group)
=651  \0$aPeru$xHistory$y1980-
=651  \0$aAyacucho (Peru)
=650  \0$aTheater$zPeru.
=655  \7$aInterview.$2nyu-hidvl
=700  1\$aCorrea, Ana.$4ive
=700  1\$aCalzadilla, Fernando.$4ivr
=710  2\$aHemispheric Institute of Performance and Politics.$4pro
=710  2\$aHemispheric Institute Digital Video Library.
=711  2\$aHemispheric Institute Encuentro$n(2nd :$d2001 :$cMonterrey, Mexico).$tMemory, atrocity and resistance.
=856  40$uhttp://hdl.handle.net/2333.1/9w0vt62d

