=LDR  03400cgm a22006615a 4500
=001  000509311
=003  NNU
=004  NYUb13497511
=005  20111013153733.0
=006  m\\\\\\\\z\\\\\\\\
=007  vd\cvaizu
=007  vf\ciahou
=007  cr\cna
=007  cr\|||||||||||
=008  070516e200108uumx\030\\\\\\\\\\\\vlspa\d
=024  7\$aHI2006_097_01$2nyu-hidvl
=024  7\$aHI2006.097_01$2nyu-hidvl
=040  \\$aNNU$cNNU$eamim
=041  0\$aspa
=043  \\$an-mx---
=245  00$aCrecí con el amor de mi madre$h[videorecording].
=260  \\$c2001 Aug.
=300  \\$3master.$a1 videocassette of 1 (Digital Betacam) (30 min.) :$bsd., col. ;$c1/2 in.
=300  \\$3viewing copy.$a1 videodisc of 1 (DVD) (30 min.) :$bsd., col. ;$c4 3/4 in.
=490  1\$aFOMMA video collection
=530  \\$aAlso available online as streaming video.
=546  \\$aIn Spanish.
=500  \\$aTitle supplied by Hemispheric Institute.
=500  \\$aPart of the Hemispheric Institute Digital Video Library.
=534  \\$pMedia source original:$e1 videocassette of 1 (VHS) : sd., col. ; 1/2 in. SP.$mSony.
=518  \\$aPerformed at Casa FOMMA, San Cristóbal de las Casas, Chiapas, Mexico, in Aug. 2001.
=508  \\$aFortaleza de la Mujer Maya (FOMMA), producer, writer ; Doris Difarnecio, director.
=511  1\$aIsabel Juárez Espinosa, Petrona de la Cruz Cruz, María Pérez Sántiz, María Francisca Oseguera Cruz, Faustina López Díaz, Victoria Patishtan Gómez.
=520  \\$aFOMMA - Fortaleza de la Mujer Maya - is a collective of Mayan women who use theater as a tool for education and community building. They are performers, playwrights, and teachers who tour their work in their communities and internationally, performing plays that focus on women's and indigenous rights, literacy, cultural survival, ecology, health, and education in the Tzeltal and Tzotzil indigenous languages. 'Crecí con el amor de mi madre' is a story about self-improvement and empowerment within a dysfunctional family in which the women, a mother and her daughter, have to deal with the challenges of living with an alcohol addict. The play shows how, mainly because of the mother's efforts, the family overcomes the difficulties and the daughter can lead a better life when she becomes a teacher.
=540  \\$aThere are copyright restrictions on this collection. For more information, go to the online version of this video.
=650  \0$aTheater$zMexico.
=650  \0$aAlcoholism.
=650  \0$aFamily violence.
=650  \0$aWomen's rights.
=650  \0$aSelf-actualization (Psychology)
=653  \\$aDomestic violence
=653  \\$aIndigenous theater
=655  \7$aPerformance.$2nyu-hidvl
=655  \7$aTheater.$2nyu-hidvl
=655  \7$aCommunity theater.$2nyu-hidvl
=655  \7$aIndigenous theater.$2nyu-hidvl
=655  \7$aNative women's theater.$2nyu-hidvl
=655  \7$aMexican theater.$2nyu-hidvl
=700  1\$aDifarnecio, Doris.$4drt
=710  2\$aFortaleza de la Mujer Maya (Organization)$4pro$4aut
=710  2\$aHemispheric Institute Digital Video Library.
=830  \0$aFOMMA video collection.
=856  40$uhttp://hdl.handle.net/2333.1/rn8pk10s

