=LDR  04858cgm a22006855a 4500
=001  000518644
=003  NNU
=004  NYUb13507841
=005  20071210173431.0
=006  m\\\\\\\\z\\\\\\\\
=007  vd\cvaizu
=007  vf\ciahou
=007  cr\cna
=007  cr\|||||||||||
=008  070620s2001\\\\cau024\\\\\\\\\\\\vlmul\d
=024  7\$aHI2005_072_01$2nyu-hidvl
=024  7\$aHI2005.072_01$2nyu-hidvl
=035  \\$a(NYU)NYUb13507841
=040  \\$aNNU$cNNU$eamim
=041  0\$aeng$aspa
=043  \\$an-us-ca
=245  00$aPerformance demonstration at Italian Consulate, San Francisco$h[videorecording]
=260  \\$c2001.
=300  \\$3master.$a1 videocassette of 1 (Digital Betacam) (24 min.) :$bsd., col. ;$c1/2 in.
=300  \\$3viewing copy.$a1 videodisc of 1 (DVD) (24 min.) :$bsd., col. ;$c4 3/4 in.
=490  1\$aFrom Aztec to High-Tech : the performance video collections of Guillermo Gómez-Peña & La Pocha Nostra, 1985-2004.
=530  \\$aAlso available online as streaming video.
=546  \\$aIn English, Spanish, and Spanglish.
=500  \\$aTitle supplied by Hemispheric Institute.
=500  \\$aPart of the Hemispheric Institute Digital Video Library.
=534  \\$pMedia source original:$e1 videocassette of 1 (VHS) : sd., col. ; 1/2 in. SP.$mSony TS-45.
=518  \\$aPerformed in San Francisco, California, in 2001.
=508  \\$aGuillermo Gómez-Peña, producer ; La Pocha Nostra, producer.
=511  1\$aGuillermo Gómez-Peña, Julie Sparling.
=520  \\$aPolitical street intervention by Guillermo Gómez-Peña (here as a 'Tamed Global Artist' from 'Genoa, San Diego') and American artist/activist Julie Sparling (here as a 'Corporate Dominatrix'), protesting the imprisonment of international border-crossing multimedia performance group Publix Theatre Caravan during the G8 Summit in Genoa, Italy, 2001. A parody of international cultural politics and a critique of racism and police brutality, this performance demonstration was enacted in San Francisco in the context of a series of demonstrations at Italian Consulates around the world. La Pocha Nostra (www.pochanostra.com) is an ever-morphing trans-disciplinary arts organization, founded in 1993 by Guillermo Gómez-Peña, Roberto Sifuentes, and Nola Mariano in California. The objective was to formally conceptualize Gómez-Peña's collaborations with other performance artists. It provides a base (and forum) for a loose network of rebel artists from various disciplines, generations and ethnic backgrounds, whose common denominator is the desire to cross and erase dangerous borders between art and politics, practice and theory, artist and spectator. As of June 2006, members include performance artists Guillermo Gómez-Peña, Violeta Luna, Michelle Ceballos, and Roberto Sifuentes; curators Gabriela Salgado and Orlando Britto; and over thirty associates worldwide in countries such as Mexico, Spain, the UK, and Australia. Projects range from performance solos and duets to large-scale performance installations including video, photography, audio, and cyber-art. La Pocha collaborates across national borders, race, gender and generations. Their collaborative model functions both as an act of citizen diplomacy and as a means to create ephemeral communities of like-minded rebels. The basic premise of these collaborations is founded on an ideal: If we learn to cross borders on stage, we may learn how to do so in larger social spheres. La Pocha strives to eradicate myths of purity and dissolve borders surrounding culture, ethnicity, gender, language, and métier. These are radical acts.
=540  \\$aThere are copyright restrictions on this collection. For more information, go to the online version of this video.
=610  20$aPublix Theatre Caravan.
=610  20$aGroup of Eight (Organization)$xPublic opinion.
=650  \0$aBorder crossing.
=650  \0$aWorld politics.
=650  \0$aRacism.
=650  \0$aPolice brutality.
=650  \0$aImprisonment.
=650  \0$aDemonstrations$zCalifornia$zSan Francisco.
=653  \\$aG8 summit political protests
=655  \7$aPerformance.$2nyu-hidvl
=655  \7$aPerformance art.$2nyu-hidvl
=655  \7$aPolitical performance.$2nyu-hidvl
=655  \7$aStreet performance.$2nyu-hidvl
=655  \7$aBorder art.$2nyu-hidvl
=700  1\$aGómez-Peña, Guillermo.$4pro$4prf
=700  1\$aSparling, Julie.$4prf
=710  2\$aPocha Nostra.
=710  2\$aHemispheric Institute Digital Video Library.
=830  \0$aFrom Aztec to High-Tech : the performance video collections of Guillermo Gómez-Peña & La Pocha Nostra, 1985-2004.
=856  40$uhttp://hdl.handle.net/2333.1/cnp5hqkg

