=LDR  03409cgm a22006255a 4500
=001  001010699
=003  NNU
=004  NYUb12827260
=005  20090409155719.0
=006  m\\\\\\\\z\\\\\\\\
=007  vd|cvaizu
=007  vf|ciahou
=007  vd|cvaizu
=007  cr\|||||||||||
=008  031013e200107uumx\030\\\\\\\\\\\\vlspa\d
=024  7\$aHI2003_027_01$2nyu-hidvl
=024  7\$aHI2003.027_01$2nyu-hidvl
=035  \\$a(NYU)NYUb12827260
=040  \\$aNNU$cNNU$eamim
=041  0\$aspa
=043  \\$an-mx---
=245  00$aInterview with Astrid Hadad$h[videorecording].
=246  30$aAstrid Hadad
=260  \\$c2001 July.
=300  \\$3viewing copy.$a1 videodisc of 1 (DVD) (30 min.) :$bsd., col. ;$c4 3/4 in.
=300  \\$3master.$a1 videocassette of 1 (Digital Betacam) (30 min.) :$bsd., col. ;$c1/2 in.
=530  \\$aAlso available online as streaming video.
=546  \\$aIn Spanish.
=500  \\$aTitle supplied by Hemispheric Institute.
=500  \\$aPart of the Hemispheric Institute Digital Video Library.
=534  \\$pMedia source original :$e1 videocassette of 1 (Mini DV) : sd., col. ; 1/4 in.$mPanasonic MiniDV.
=518  \\$aInterviewed in Monterrey, Mexico, in July 2001, as part of the Second Annual Hemispheric Institute Seminar entitled Memory, Atrocity and Resistance.
=508  \\$aHemispheric Institute of Performance and Politics, producer.
=511  0\$aAstrid Hadad, interviewee ; Marlène Ramírez-Cancio, interviewer.
=520  \\$aInterview with Astrid Hadad, conducted by Marlène Ramírez-Cancio during the 2nd Encuentro of the Hemispheric Institute of Performance and Politics, celebrated in June of 2001 in Monterrey, Mexico under the title 'Memory, Atrocity and Resistance'. Astrid Hadad, singer and actress, graduated from Mexico City's Centro Universitario de Teatro. She looks to cabaret and performance to represent social, cultural, and political crisis in Mexico and, at the same time, to entertain. Costumed in her signature wearable art, Hadad blends popular songs and ranchero, son and bolero music and political satire with highly theatrical precision to create a genre of music she calls 'Heavy Nopal'. Her work takes on the stereotypes of Mexican culture and reframes them to comment on the forms of machismo in a variety of local and global contexts.
=540  \\$aThere are copyright restrictions on this collection. For more information, go to the online version of this video.
=600  10$aHadad, Astrid$vInterviews.
=650  \0$aPolitics, Practical$zMexico.
=650  \0$aPerformance art$xPolitical aspects$zMexico.
=650  \0$aTheater$zMexico.
=650  \0$aActresses$zMexico$vInterviews.
=650  \0$aWomen performance artists$zMexico$vInterviews.
=653  \\$aCabaret
=653  \\$aPolitical performance Mexico
=655  \7$aInterview.$2nyu-hidvl
=700  1\$aHadad, Astrid.$4ive
=700  1\$aRamírez-Cancio, Marlène.$4ivr
=710  2\$aHemispheric Institute of Performance and Politics.$4pro
=710  2\$aHemispheric Institute Digital Video Library.
=711  2\$aHemispheric Institute Encuentro$n(2nd :$d2001 :$cMonterrey, Mexico).$tMemory, atrocity and resistance.
=856  40$uhttp://hdl.handle.net/2333.1/d2547dcz

