=LDR  03799cgm a22007335a 4500
=001  001010710
=003  NNU
=004  NYUb12827273
=005  20130509212141.0
=006  m\\\\\\\\z\\\\\\\\
=007  vd\cvaizu
=007  vf\ciahou
=007  cr\cna|||m|||a
=007  vd|cvaizu
=007  cr\|||||||||||
=008  031013e200107uumx\104\\\\\\\\\\\\vlspa\d
=024  7\$aHI2003_028_01$2nyu-hidvl
=024  7\$aHI2011_033_01$2nyu-hidvl
=024  7\$aHI2003.028_01$2nyu-hidvl
=024  7\$aHI2011.033_01$2nyu-hidvl
=024  7\$aHI2003.028_01$2nyu-hidvl
=035  \\$a(NYU)NYUb12827273
=040  \\$aNNU$beng$cNNU
=041  0\$aspa
=043  \\$an-mx---
=079  \\$a(OCoLC)878607497
=245  00$aAmores pelos$h[videorecording] /$cAstrid Hadad, creator ; Hemispheric Institute of Performance and Politics, producer.
=260  \\$c2001 July.
=300  \\$3viewing copy.$a2 videodiscs of 2 (DVD) (103 min., 9 sec.: pt.1, 60 min.; pt.2, 43 min.,9 sec.) :$bsd., col. ;$c4 3/4 in.
=300  \\$3master.$a1 videocassette of 1 (Digital Betacam) (pt.1, 60 min.) :$bsd., col. ;$c1/2 in.
=546  \\$aIn Spanish.
=500  \\$aTitle supplied by Hemispheric Institute.
=500  \\$aPart of the Hemispheric Institute Digital Video Library.
=518  \\$aPerformed in Monterrey, Mexico, in July 2001, as part of the Second Annual Hemispheric Institute Encuentro entitled Memory, Atrocity and Resistance.
=508  \\$aNadia Baram, videographer (part 1); Diana Taylor, videographer (part 2).
=511  1\$aAstrid Hadad, protagonist.
=520  \\$aVideo documentation of Astrid Hadad's performance 'Amores Pelos' presented as a part of the 2nd Encuentro of the Hemispheric Institute of Performance and Politics, celebrated in June of 2001 in Monterrey, Mexico under the title 'Memory, Atrocity and Resistance'. Astrid Hadad, singer and actress, graduated from Mexico City's Centro Universitario de Teatro. She looks to cabaret and performance to represent social, cultural, and political crisis in Mexico and, at the same time, to entertain. Costumed in her signature wearable art, Hadad blends popular songs and ranchero, son and bolero music and political satire with highly theatrical precision to create a genre of music she calls 'Heavy Nopal'. Her work takes on the stereotypes of Mexican culture and reframes them to comment on the forms of machismo in a variety of local and global contexts.
=530  \\$aAlso available online as streaming video.
=534  \\$pMedia source original :$e2 videocassettes of 2 (Mini DV) : sd., col. ; 1/4 in. SP.$mPanasonic MiniDV, Sony Premium DVM60-ME.
=540  \\$aThere are copyright restrictions on this collection. For more information, go to the online version of this video.
=650  \0$aPolitics, Practical$zMexico.
=650  \0$aTheater$zMexico.
=650  \0$aPerformance art$xPolitical aspects$zMexico.
=651  \0$aMexico$xIntellectual life.
=653  \\$aCabaret
=655  \7$aPerformance.$2nyu-hidvl
=655  \7$aTheater.$2nyu-hidvl
=655  \7$aCabaret.$2nyu-hidvl
=655  \7$aPolitical performance.$2nyu-hidvl
=655  \7$aHeavy Nopal.$2nyu-hidvl
=700  1\$aHadad, Astrid.$4cre$4prf
=700  1\$aBaram, Nadia.$4vdg
=700  1\$aTaylor, Diana,$d1950-$4vdg
=710  2\$aHemispheric Institute of Performance and Politics.$4pro
=710  2\$aHemispheric Institute Digital Video Library.
=711  2\$aHemispheric Institute Encuentro$n(2nd :$d2001 :$cMonterrey, Mexico).$tMemory, atrocity and resistance.
=853  00$81$adisc
=863  \\$81.1$a1
=863  \\$81.2$a2
=856  40$uhttp://hdl.handle.net/2333.1/8931zcvg

