=LDR  04927cgm a22007455a 4500
=001  000513936
=003  NNU
=004  NYUb13502630
=005  20090409155715.0
=006  m\\\\\\\\z\\\\\\\\
=007  vd\cvaizu
=007  vf\ciahou
=007  cr\cna
=007  cr\|||||||||||
=008  070606e200106uumx\062\\\\\\\\\\\\vlspa\d
=024  7\$aHI2007_021_01$2nyu-hidvl
=024  7\$aHI2007.021_01$2nyu-hidvl
=035  \\$a(NYU)NYUb13502630
=040  \\$aNNU$cNNU$eamim
=043  \\$anwpr---
=245  00$aTeresa Hernández and Viveca Vázquez at the 2nd Hemispheric Institute Encuentro, Monterrey 2001$h[videorecording].
=246  3\$aEl ser complejo o el complejo de ser
=246  3\$aViernes social
=246  3\$aMiss Puerto Rico o la isla que se repite
=246  3\$aBaile atroz y coreografía del error
=260  \\$c2001 June.
=300  \\$3master.$a1 videocassette of 1 (Digital Betacam) (62 min.) :$bsd., col. ;$c1/2 in.
=300  \\$3viewing copy.$a1 videodisc of 1 (DVD) (62 min.) :$bsd., col. ;$c4 3/4 in.
=490  1\$aTeresa Hernández video collection
=530  \\$aAlso available online as streaming video.
=546  \\$aIn Spanish.
=500  \\$aTitle supplied by Hemispheric Institute.
=500  \\$aPart of the Hemispheric Institute Digital Video Library.
=534  \\$pMedia source original:$e1 videocassette of 1 (VHS) : sd., col. ; 1/2 in. SP.$mMaxell T-160 6X.
=518  \\$aPresented as part of the 2nd Encuentro of the Hemispheric Institute of Performance and Politics held in Monterrey, Mexico, June 2001, titled Memory, Atrocity and Resistance.
=508  \\$aHemispheric Institute of Performance and Politics, producer ; Taller de Otra Cosa, producer ; Teresa Hernández , concept and text ; Viveca Vázquez, concept and text.
=511  1\$aTeresa Hernández, Viveca Vázquez.
=520  \\$aVideo documentation of the participation of Puerto Rican experimental artists Teresa Hernández and Viveca Vázquez at the 2nd Encuentro of the Hemispheric Institute of Performance and Politics, titled "Memory, Atrocity, and Resistance", held in Monterrey, Mexico in 2001 (www.hemisphericinstitute.org/eng/seminar/mexico/index.shtml). Long time collaborators, Vázquez and Hernández are also co-founders and directors of Taller de Otra Cosa, Inc., a nonprofit organization committed to the development and production of experimental dance and performance projects. Here shown is Teresa's spectacle "El ser complejo o el complejo del ser", where characters Lic. Perdóname, her sister Perpetua, and art critic and cultural pundit Isabella Fernández (all performed by chameleonic Hernández) satirically explore, diatribe and digress on the complex issues of identity politics and collective memory in contemporary Puerto Rico. Vázquez, in turn, presents her experimental dance piece "Miss Puerto Rico o la isla que se repite", and reads her paper "Baile atroz y coreografía del error", in which she discusses her choreographic coordinates in the context of contemporary experimental dance and performance, particularly in the terms of the current cultural climate in Puerto Rico. Her lecture is illustrated by means of a slideshow, which adds to the multimedia aspect of their performance, along with the projection of the short film/performance piece "Viernes social" (created by Taller de Otra Cosa). Finally, the artists open up the space for a Q&A session with the audience, in which they talk about their ongoing creative relationship and the exploits of independent experimental artists in this day and age.
=540  \\$aThere are copyright restrictions on this collection. For more information, go to the online version of this video.
=650  \0$aPerforming arts$zPuerto Rico.
=650  \0$aWomen in the performing arts$zPuerto Rico.
=650  \0$aCollective memory$zPuerto Rico.
=650  \0$aModern dance$zPuerto Rico.
=655  \7$aPerformances.$2nyu-hidvl
=655  \7$aTheater.$2nyu-hidvl
=655  \7$aDance.$2nyu-hidvl
=655  \7$aLecture.$2nyu-hidvl
=655  \7$aQ&A.$2nyu-hidvl
=655  \7$aPerformances (entertainment events).$2aat
=655  \7$aPerformance art.$2aat
=655  \7$aTheater (discipline).$2aat
=655  \7$aDance.$2aat
=655  \7$aLectures.$2aat
=700  1\$aHernandez, Teresa.$4cre$4prf
=700  1\$aVázquez, Viveca.$4cre$4prf
=710  2\$aHemispheric Institute of Performance and Politics.$4pro
=710  2\$aTaller de Otra Cosa Inc.$4pro
=710  2\$aHemispheric Institute Digital Video Library.
=711  2\$aHemispheric Institute Encuentro$n(2nd :$d2001 :$cMonterrey, Mexico).$tMemory, atrocity and resistance.
=830  \0$aTeresa Hernández video collection.
=856  40$uhttp://hdl.handle.net/2333.1/jq2bvqj3

