=LDR  05446cgm a2200769 a 4500
=001  000563369
=003  NNU
=004  NYUb13556392
=005  20140421142445.0
=006  m\\\\\\\\z\\\\\\\\
=007  vd\cvaizu
=007  vf\ciahou
=007  cr\cna
=007  \\vd
=007  cr\|||||||||||
=008  071120e20010530nyu108\\\\\\\\\\\\vleng\d
=024  7\$aHI2005_036_A_01$2nyu-hidvl
=024  7\$aHI2005_036_B_01$2nyu-hidvl
=024  7\$aHI2005.036_01_A$2nyu-hidvl
=040  \\$aNNU$cNNU$eamim
=245  00$aMaurice Kenny at AICH's Writer's Circle :$bThe people's poetry gathering$h[videorecording].
=246  30$aPeople's poetry gathering
=260  \\$c2001 May 30.
=300  \\$3master.$a2 videocassettes of 2 (Digital Betacam) (108 min.) :$bsd., col. ;$c1/2 in.
=300  \\$3viewing copy.$a2 videodiscs of 2 (DVD) (108 min. : pt.A, 89 min. ; pt.B, 19 min.) :$bsd., col. ;$c4 3/4 in.
=490  1\$aAmerican Indian Community House collection
=530  \\$aAlso available online as streaming video.
=500  \\$aTitle supplied by Hemispheric Institute.
=500  \\$aPart of the Hemispheric Institute Digital Video Library.
=534  \\$pMedia source original:$e1 videocassette of 1 (VHS) : sd., col. ; 1/2 in.
=518  \\$aHeld at The American Indian Community House, New York City, on May 30, 2001.
=508  \\$aAmerican Indian Community House, producer ; People's Poetry/City Lore, producer ; Maurice Kenny, creator.
=511  1\$aMaurice Kenny, Barbara Snyder, Hortencia Colorado, Clifford Bernie, Pena Bonita, Elvira Colorado, Dean Hutchins.
=520  \\$aThe People's Poetry Gathering, co-sponsored by City Lore and the American Indian Community House Writer's Circle presented an evening of Poetry with Maurice Kenny and members of the Writer's Circle. Work was presented by Barbara Snyder (Paiute), Hortencia Colorado (Otomi/Chichimec), Clifford Bernie (Yankton, Sioux), Pena Bonita (Apache/Seminole), Elvira Colorado (Otomi/Chichimec), and Dean Hutchins (Cherokee). Maurice Kenny (Mohawk) was born in Watertown, NY in 1929 and has been a part of the Native community in New York City for decades. Kenny was educated at Butler University, St. Lawrence University and New York University, where he studied with the eminent American poet, Louise Bogan. In the early to mid-60's he lived in Mexico and the Virgin Islands and moved to Chicago for one year. From Chicago he moved to Brooklyn where he lived until he returned to the Adirondack country of upstate New York. 
=520  \\$aThe Writer's Circle was created to encourage Native writers in the community to develop their talent and has received support and guidance from several eminent Native writers such as Maurice Kenny and Simone Ortiz. The American Indian Community House (AICH) is an urban Indian center that services the needs of the Native people living in New York City and welcomes Native visitors to the city. AICH was founded in 1969 and has become a de facto neighborhood serving as a meeting place for the diverse Native community of the New York City area. The Community House offers a variety of services ranging from substance abuse and HIV counseling, to career assistance. It is also home to the only Indian owned and operated art gallery in New York City. The AICHs Performing Arts Department has become an important resource for Native visual and performance artists. Through its programming, performance has become an important educational vehicle, both for the Native and non-Native NY community.   
=520  \\$aThe Badger's Corner, initiated in the 1980s, is an education-via-entertainment vehicle for the AICHs visual and performing arts department programs. Taking its name from the Pueblo legend of the four-legged creature who led the Pueblo people out of the underworld after the great flood, the intent of its programming is to inform and challenge people to rethink their concept(s) of Native American people and customs. All performances at AICH are presented under the auspices of the Badgers Corner.  
=540  \\$aThere are copyright restrictions on this collection. For more information, go to the online version of this video.
=650  \0$aIndian poetry.
=650  \0$aIndian poets.
=653  \\$aNative poetry
=653  \\$aAmerican Indian poets
=655  \7$aPerformance.$2nyu-hidvl
=655  \7$aPoetry reading.$2nyu-hidvl
=655  \7$aNative poetry.$2nyu-hidvl
=655  \7$aIndigenous performance.$2nyu-hidvl
=700  1\$aKenny, Maurice,$d1929-$4cre$4prf
=700  1\$aSnyder, Barbara.$4prf
=700  1\$aColorado, Hortencia.$4prf
=700  0\$aStorm Horse$c(Writer)$4prf
=700  1\$aBonita, Pena.$4prf
=700  1\$aColorado, Elvira.$4prf
=700  1\$aHutchins, Dean.$4prf
=710  2\$aCity Lore (Organization)$4pro
=710  2\$aAmerican Indian Community House (New York, N.Y.)$4pro
=710  2\$aAmerican Indian Community House (New York, N.Y.).$bWriter's Circle.
=710  2\$aHemispheric Institute Digital Video Library.
=830  \0$aAmerican Indian Community House collection.
=853  00$81$apt.
=863  50$81.1$aA$p31142046122845
=863  50$81.2$aB$p31142046122837
=856  40$uhttp://hdl.handle.net/2333.1/3ffbg7kp
=954  \\$81$aVolumes

