=LDR  03955ngm a2200505 a 4500
=001  003305553
=004  003305553
=005  20100221130558.0
=006  m\\\\\\\\z\\\\\\\\
=007  vd\cvaiz|
=007  cr\cna|||m|||a
=007  vd\cvaiz|
=007  cr\|||||||||||
=008  100218e20011219nyu008\\\\\\\\\\\\vleng\d
=024  7\$aHI2009_008_01$2nyu-hidvl
=024  7\$aHI2009.008_01$2nyu-hidvl
=040  \\$aNNU$beng$cNNU
=079  \\$a(OCoLC)607281073
=245  00$aInterview with Barbara Kirshenblatt-Gimblett$h[videorecording] :$bwhat is performance studies?
=246  3\$aBarbara Kirshenblatt-Gimblett
=260  \\$c2001 Dec. 19.
=300  \\$3viewing copy.$a1 videodisc of 1 (DVD) (8 min.) :$bsd., col. ;$c4 3/4 in.
=490  1\$aInterview series : What is performance studies?
=500  \\$aTitle supplied by Hemispheric Institute.
=500  \\$aPart of the Hemispheric Institute Digital Video Library.
=518  \\$aFilmed in New York, NY, on December 19, 2001.
=508  \\$aHemispheric Institute of Performance and Politics, producer.
=511  0\$aBarbara Kirshenblatt-Gimblett, interviewee ; Diana Taylor, interviewer.
=520  \\$aInterview with Barbara Kirshenblatt-Gimblett, conducted by Diana Taylor, founding director of the Hemispheric Institute of Performance and Politics. This interview is a part of a series curated by the Hemispheric Institute, articulated around the question 'What is Performance Studies?' The series aims to provide a multifaceted approach to the often difficult task of defining the coordinates of both a field of academic study as well as a lens through which to assess and document cultural practice and embodied behavior. The contingent definitions documented in this series are based on the groundbreaking experiences and the scholarly endeavors of renowned figures in contemporary performance studies and practice.
=520  \\$aBarbara Kirshenblatt-Gimblett is Professor of Performance Studies at New York University, where she is also Affiliated Professor of Hebrew and Judaic Studies. Dr. Kirshenblatt-Gimblett researches performance practice and has published on klezmer music and other topics of Jewish culture, as well as general American culture, aesthetics of everyday life, cookery and performance, ethnography, world's fairs, museum, theater and tourist productions. Her many awards include the Guggenheim Fellowship, Getty Research Institute fellowship, Winston Fellowship at the Institute for Advanced Studies at the Hebrew University, and resident research fellowship at the Center for Advanced Judaic Studies at the University of Pennsylvania. She was designated Distinguished Humanist for 2003 by the Melton Center for Jewish Studies at Ohio State University. She is currently co-convening the Working Group on Jews, Religion, and Media at New York University’s Center for Religion and Media, New York University, with Jeffrey Shandler, and the Jews and Performance colloquium, jointly sponsored by the Jewish Theological Seminary and New York University, with Edna Nahshon.
=530  \\$aAlso available online as streaming video.
=534  \\$pMedia source original:$e1 videocassette of 1 (Mini DV) : sd., col. ; 1/4 in. SP.
=540  \\$aThere are copyright restrictions on this collection. For more information, go to the online version of this video.
=600  10$aKirshenblatt-Gimblett, Barbara$vInterviews.
=650  \0$aPerforming arts$xStudy and teaching.
=653  \\$aPerformance studies.
=655  \7$aInterview.$2nyu-hidvl
=700  1\$aKirshenblatt-Gimblett, Barbara.$4ive
=700  1\$aTaylor, Diana,$d1950-$4ivr
=710  2\$aHemispheric Institute of Performance and Politics.$4pro
=710  2\$aHemispheric Institute Digital Video Library.
=830  \0$aInterview series : What is performance studies?
=856  40$uhttp://hdl.handle.net/2333.1/qz612k86

