=LDR  02620cgm a2200457 a 4500
=001  003756404
=005  20140421213846.0
=006  m\\\\\\\\c\\\\\\\\
=007  cr\cna|||m|||a
=007  cr\|||||||||||
=008  130605s2001\\\\bl\023\\\\\\\\s\\\vlpor\d
=024  7\$aHI2011_049_02$2nyu-hidvl
=040  \\$aNNU$beng$cNNU
=041  0\$apor
=043  \\$as-bl---
=245  00$aPovo de Rua$h[videorecording] =$bStreet people /$cZeca Ligiéro, director ; Núcleo de Estudos das Perfomances Afro-Ameríndias (NEPAA), producer.
=246  30$aStreet people
=260  \\$c2001.
=300  \\$3viewing copy.$a1 streaming video (22 min., 33 sec.) :$bsd., col.
=490  1\$aNEPAA-Núcleo de Estudos das Performances Afro-Ameríndias/Zeca Ligiéro collection
=546  \\$aIn Portuguese.
=500  \\$aTitle supplied by Hemispheric Institute.
=500  \\$aPart of the Hemispheric Institute Digital Video Library.
=518  \\$aPerformed in Rio de Janeiro, Brazil, in 2001.
=508  \\$aZeca Ligiéro, Michele Cabral, writers ; Zeca Ligiéro, videographer ; Carlos Alberto Nunes, costume designer ; Eduardo Krieger, sound designer.
=511  1\$aMarise Nogueira, performer.
=520  \\$aZé Pelintra is both a 'malandro' and an entity from Umbanda. Dona Docelina is a street vendor. In this play, both of them talk about their life and their choices.
=520  \\$aZeca Ligiéro is currently Associate Professor at the Federal University of Rio de Janeiro State and the curator of Augusto Boal Archive. He coordinates since 1998 the Center for the Study of Afro-Amerindian Performances-NEPAA, which is dedicated to promoting research, dissemination, and exchange with various cultures of African, Indigenous, and other non-hegemonic origin, and to studying their inter-relations within Brazil.
=534  \\$pMedia source original:$e1 videocassette of 1 (Mini DV) : sd., col. ; 1/4 in. SP.$mSony Premium DVM60-ME
=540  \\$aThere are copyright restrictions on this collection. For more information, go to the online version of this video.
=600  00$aZé Pilintra$c(Spirit)
=650  \0$aUmbanda (Cult)$zBrazil.
=650  \0$aStreet vendors$zBrazil.
=655  \7$aPerformance.$2nyu-hidvl
=655  \7$aTheater.$2nyu-hidvl
=700  1\$aLigiéro, Zeca,$d1950-$4drt$4cre
=710  2\$aNúcleo de Estudos das Performances Afro-Ameríndias.$4pro
=710  2\$aHemispheric Institute Digital Video Library.
=830  \0$aNEPAA-Núcleo de Estudos das Performances Afro-Ameríndias/Zeca Ligiéro collection.
=856  40$uhttp://hdl.handle.net/2333.1/qfttf0pg

