=LDR  07171cgm  2200901 a 4500
=001  000540522
=003  NNU
=004  NYUb13531684
=005  20140421145532.0
=006  m\\\\\\\\z\\\\\\\\
=007  vd\cvaizu
=007  vf\ciahou
=007  cr\cna
=007  cr\|||||||||||
=008  070904e200104uupr\111\\\\\\\\\\\\vlspa\d
=024  7\$aHI2007_097_A_01$2nyu-hidvl
=024  7\$aHI2007_097_B_01$2nyu-hidvl
=024  7\$aHI2007.097_01_A$2nyu-hidvl
=035  \\$a(NYU)NYUb13531684
=040  \\$aNNU$cNNU$eamim
=041  0\$aspa
=043  \\$anwpr---
=245  00$aHistorias para ser contadas$h[videorecording].
=260  \\$c2001 Apr.
=300  \\$3master.$a2 videocassettes of 2 (Digital Betacam) (111 min.) :$bsd., col. ;$c1/2 in.
=300  \\$3viewing copy.$a2 videodiscs of 2 (DVD) (111 min. : pt.A, 74 min. ; pt.B, 37 min.) :$bsd., col. ;$c4 3/4 in.
=490  1\$aRosa Luisa Márquez and theater collaborators
=530  \\$aAlso available online as streaming video.
=546  \\$aIn Spanish.
=500  \\$aTitle supplied by Hemispheric Institute.
=500  \\$aPart of the Hemispheric Institute Digital Video Library.
=534  \\$pMedia source original:$e1 videocassette of 1 (VHS) : sd., col. ; 1/2 in. SP.$mMaxell T-120 PRO.
=500  \\$aRecorded and broadcast for television by WIPR-TV, San Juan, Puerto Rico.
=518  \\$aRecorded at University of Puerto Rico, Río Piedras Campus, Puerto Rico, in Apr. 2001.
=508  \\$aWIPR-TV, producer ; University of Puerto Rico, producer ; Rosa Luisa Márquez, producer, director ; Eduardo Aguilar, producer ; Osvaldo Dragún, writer ; Vicente Laureano, video director ; Gilda Navarra, direction consultant ; Rafael Martínez, music director ; Mila Aponte-González, dramaturg ; Yaraní del Valle, Aurora Moreno, Marilí Rodríguez, Tania Molina, Dorimar Morales, Joily I. Gómez, Maram Yely Rivera, assistant directors ; Vivian Berríos, production assistant ; Checo Cuevas, set design & lighting ; Miguel Vando, costume design ; Ariel Cuevas, tech director ; Taller Teatro Rodante, props & makeup ; Antonio Martorell, painted cloths ; Juan Fernando Morales, calligraphy & signs ; Carlos Augusto Montijo & the cast, painted tablecloths ; Gabriel Coss, Carla Cavina, graphic design & program ; Miguel Villafañe, Carla Cavina, Ricardo Alcaraz, photographers ; Almar Arroyo, Gustavo Rodríguez, Juan Rafael Nieves, videographers ; Gabriel Coss, editor ; Arnaldo Biblioni, audio.
=511  1\$aCarla Cavina, Carla Godreau, Eyerí Cruz, José Luis Rivera, Lourdes Quiñones, Ricardo Soto, Rojo Coquí Robles, Tania Molina, Idenisse Salamán, Carlos Mera, Joily Gómez, Margarita Távarez, Abraham Martínez, Nami Helfeld, Rafael Martínez, Carlos Montijo, Dorimar Morales, Freddy Acevedo, Jessica Rodríguez, Sylvia Bofill, Daniel Irizarry, Gabriel Coss, José Pepe Álvarez, Mila Aponte, Maram Rivera, Rosalinda López, Tai Helfeld, Yaraní del Valle.
=520  \\$aRosa Luisa Márquez (www.marquezmartorell.org) is a Puerto Rican theater artist and pedagogue. Founding member of the theater group Anamú in 1971, she holds a Master's degree from New York University and a Doctorate from Michigan State University; she specializes in contemporary theater. Rosa Luisa started her teaching career at the Theater department of the University of Puerto Rico in 1978. She developed the current curriculum of Drama Activities, which she teaches in her workshops at schools, prisons, rehab centers, women's shelters, nursing homes and community centers. Her directing projects include 'Romeo(s) y Julieta(s),' 'Historias para ser Contadas,' 'La Leyenda del Cemí,' 'Procesión,' 'Waiting for Godot,' 'Jardín de Pulpos,' 'Absurdos en Soledad,' 'El León y la Joya,' among others. In conjunction with Puerto Rican visual artist Antonio Martorell, she created the concept of Itinerant Performers (1987-1990) resulting in twelve productions. 
=520  \\$aPublished books include 'Brincos y saltos: el juego como disciplina teatral' and 'Historias para ser contadas, montaje de Rosa Luisa Márquez.' She is a member of the board of directors and pedagogical team for the EITALC's International School of Latin American and Caribbean Theater. Ongoing artistic collaborators include Gilda Navarra and Antonio Martorell (Puerto Rico), Grupo Malayerba (Ecuador), Grupo Yuyachkani (Peru), and directors Peter Shumann (Bread & Puppet Theater, U.S.A.) and Augusto Boal (Theater of the Oppressed, Brazil). 'Historias para ser contadas,' directed by Márquez and created in collaboration with Antonio Martorell and the University of Puerto Rico's Teatro Rodante, pays homage to renowned Argentinean theater director, writer and activist Osvaldo Dragún.   
=520  \\$aLike a three-ring circus, the play is performed in three different styles: 'La historia de un flemón, una mujer y dos hombres' is told by the 'Prince of Denmark's Actors Troupe,' an ensemble of characters from Western drama masterpieces - Hamlet, Oedipus, Charlotte Corday, Colombina, among others; 'La historia de cómo Panchito se sintió responsable de la epidemia de peste bubónica en África del Sur' is performed by a troupe of clowns/ mechanics in an old van-turned-puppet-theater, influenced by Naïve artists and pop culture; 'La historia del hombre que se convirtió en perro' is told - and sung - by a group of Bohemians straight from the 70's Puerto Rican nightlife.  
=540  \\$aThere are copyright restrictions on this collection. For more information, go to the online version of this video.
=600  10$aDragún, Osvaldo,$d1929-
=650  \0$aTheater$zPuerto Rico.
=650  \0$aExperimental theater$zPuerto Rico.
=650  \0$aCollege theater$zPuerto Rico.
=653  \\$aLatin American theater
=653  \\$aCollaborative creation
=655  \7$aPerformance.$2nyu-hidvl
=655  \7$aTheater.$2nyu-hidvl
=655  \7$aExperimental theater.$2nyu-hidvl
=655  \7$aCollective creation.$2nyu-hidvl
=655  \7$aUniversity theater.$2nyu-hidvl
=700  1\$aMárquez, Rosa Luisa.$4pro$4drt
=700  1\$aAguilar, Eduardo.$4pro
=700  1\$aDragún, Osvaldo,$d1929-$4aut
=700  1\$aLaureano, Vicente.$4vdg
=700  1\$aNavarra, Gilda.$4csl
=700  1\$aMartínez, Rafael.$4mus$4drt
=700  1\$aAponte-González, Mila.$4oth
=700  1\$aValle, Yaraní del.$4drt
=700  1\$aMoreno, Aurora.$4drt
=700  1\$aRodríguez, Marilí.$4drt
=700  1\$aMolina, Tania.$4drt
=700  1\$aMorales, Dorimar.$4drt
=700  1\$aGómez, Joily I.$4drt
=700  1\$aRivera, Maram Yely.$4drt
=700  1\$aBerríos, Vivian.$4prd
=710  2\$aUniversity of Puerto Rico (Río Piedras Campus)$4pro
=710  2\$aHemispheric Institute Digital Video Library.
=830  \0$aRosa Luisa Márquez and theater collaborators.
=856  40$uhttp://hdl.handle.net/2333.1/08kprr9k
=853  00$81$apt.
=863  50$81.1$aA$p31142045977447
=863  50$81.2$aB$p31142045977454
=954  \\$81$aVolumes

