=LDR  05549cgm a22006615a 4500
=001  001012297
=003  NNU
=004  NYUb12828966
=005  20090409155709.0
=006  m\\\\\\\\z\\\\\\\\
=007  vd|cvaizu
=007  vf|ciahou
=007  vd|cvaizu
=007  cr\|||||||||||
=008  031013e200106uumx\060\\\\\\\\\\\\vleng\d
=024  7\$aHI2004_006_01$2nyu-hidvl
=024  7\$aHI2004.006_01$2nyu-hidvl
=040  \\$aNNU$cNNU$eamim
=041  0\$aeng$aspa
=245  00$aEl bolero fue mi ruina.$h[videorecording] =$bThe bolero was my ruin.
=246  31$aBolero was my ruin
=246  3\$aBolero was my downfall
=246  3\$aPregones Theater :$bEl bolero fue mi ruina
=260  \\$c2001 June.
=300  \\$3viewing copy.$a1 videodisc of 1 (DVD) (60 min.) :$bsd., col. ;$c4 3/4 in.
=300  \\$3master.$a1 videocassette of 1 (Digital Betacam) (60 min.) :$bsd., col. ;$c1/2 in.
=530  \\$aAlso available online as streaming video.
=546  \\$aIn English and Spanish.
=500  \\$aTitle supplied by Hemispheric Institute.
=500  \\$aPart of the Hemispheric Institute Digital Video Library.
=534  \\$pMedia source original:$e1 videocassette of 1 (Mini DV) : digital sd., col. ; 1/4 in.$mSony Mini DV premium.
=518  \\$aPerformed in Monterrey, Mexico, in June 2001, as part of the Second Annual Hemispheric Institute Seminar entitled Memory, Atrocity and Resistance.
=508  \\$aPregones Theater, producer, creator ; Hemispheric Institute of Performance and Politics, producer ; Jorge Merced, writer ; Nadia Baram, videographer.
=511  1\$aJorge Merced, Alvan Colón Lespier.
=520  \\$aVideo documentation of Pregones Theaters performance El bolero fue mi ruina (The Bolero Was My Ruin) presented as a part of the 2nd Encuentro of the Hemispheric Institute of Performance and Politics, celebrated in June of 2001 in Monterrey, Mexico under the title Memory, Atrocity and Resistance. El bolero fue mi ruina is Pregones Theaters adaptation of Manuel Ramos Oteros story Loca la de la locura. The protagonist is a Puerto Rican woman like any other and unlike them all. She is a lovelorn and timeworn artiste, a singer of torch songs, a faded night club entertainer. She is a convicted murderer serving the last days of her sentence at Oso Blanco penitentiary. She is also, biologically speaking, a male. The writer dispenses with pieties on this issue Locas biology is not a scandal but a fact. Loca disputes the notion that an aging male body is no home for a lady. She is vulgar, sentimental, sweet, and always sharp as a tack. She remains loyal to the memory of her beloved Nene Lindo, his brand of tough love, and his inscrutable beauty. Her crime binds them forever in shame and passion. Pregones Theater (http://www.pregones.org). , founded in 1979 in New York City, is dedicated to creating innovative and challenging theater rooted in Puerto Rican traditions and popular artistic expressions. They have performed in 21 states as well as internationally. Recent awards are: 1998 Julia de Burgos Cultural Award; 1996 Bronx Council on the Arts Award; Three 1994 ACE Awards (critic Award) for Best Production and Best Supporting Actors; 1992 City of New York Mayor's Award for Arts and Culture. Jorge B. Merced is an Associate Artistic Director of Pregones Theater and has been a member of the company since 1987. As one of Pregones' principal artists, Jorge has performed in over 30 productions, directed and co-directed several major company productions, and coordinated all specialized workshops and master classes. Jorge is also creator and director of several projects such as Asunción (a Latino playwright's laboratory exploring issues of difference and transformation at the limits of queer identity), The Embrace AIDS Theater Project, and all company Theater & Education projects. Alvan Colón Lespier is an Associate Artistic Director of Pregones Theater, joining the company in 1981. He is the producer for the company's national and international Touring and Residencies Program, the Visiting Artists Series, Conversations on Culture at Pregones Studio and Pregones Summer Stage. Articles and essays by Alvan have appeared in Revista Conjunto, Reimaging America - Arts for Social Change, The Non-Traditional Casting Project, Ollantay Theater Magazine and Aplauso -Hispanic Children's Theater.
=540  \\$aThere are copyright restrictions on this collection. For more information, go to the online version of this video.
=600  10$aRamos Otero, Manuel.$tLoca la de la locura$vAdaptations.
=650  \0$aGay theater.
=650  \0$aGay couples$vDrama.
=653  \\$aQueer theater
=655  \7$aPerformance.$2nyu-hidvl
=655  \7$aTheater.$2nyu-hidvl
=655  \7$aQueer theater.$2nyu-hidvl
=655  \7$aLatino theater.$2nyu-hidvl
=655  \7$aBoricua theater.$2nyu-hidvl
=700  1\$aMerced, Jorge B.$4aut$4prf
=700  1\$aColón Lespier, Alvan.$4prf
=700  1\$aBaram, Nadia.$4vdg
=710  2\$aPregones Theatre (New York, N.Y.)$4pro$4cre
=710  2\$aHemispheric Institute of Performance and Politics.$4pro
=710  2\$aHemispheric Institute Digital Video Library.
=711  2\$aHemispheric Institute Encuentro$n(2nd :$d2001 :$cMonterrey, Mexico).$tMemory, atrocity and resistance.
=856  40$uhttp://hdl.handle.net/2333.1/gtht76n1

