=LDR  05110cgm a22007095a 4500
=001  000510782
=003  NNU
=004  NYUb13499136
=005  20080229184338.0
=006  m\\\\\\\\z\\\\\\\\
=007  vd\cvaizu
=007  vf\ciahou
=007  cr\cna
=007  cr\|||||||||||
=008  070522e20010624nyu079\\\\\\\\\\\\vleng\d
=024  7\$aHI2006_110_01$2nyu-hidvl
=024  7\$aHI2006.110_01$2nyu-hidvl
=040  \\$aNNU$cNNU$eamim
=043  \\$an-us-ny
=245  04$aThe medicine show$h[videorecording].
=246  1\$iTitle on opening screen (incorrect) :$aSpies r us
=260  \\$c2001 June 24.
=300  \\$3master.$a1 videocassette of 1 (Digital Betacam) (79 min.) :$bsd., col. ;$c1/2 in.
=300  \\$3viewing copy.$a1 videodisc of 1 (DVD) (79 min.) :$bsd., col. ;$c4 3/4 in.
=490  1\$aCircus Amok collection
=530  \\$aAlso available online as streaming video.
=500  \\$aTitle supplied by Hemispheric Institute.
=500  \\$aPart of the Hemispheric Institute Digital Video Library.
=500  \\$aTitle on opening screen ("Spies r us") entered incorrectly during preservation processing.
=534  \\$pMedia source original:$e1 videocassette of 1 (VHS) : sd., col. ; 1/2 in. SP.
=518  \\$aPerformed at Tompkins Square Park, New York City, on June 24, 2001.
=508  \\$aCircus Amok, producer ; conceived and directed by Jennifer Miller ; Jenny Romaine, musical director ; Terry Dame, composer-in-residence ; Noelle Kalom, T. P. Kelley, Mady Schutzman, Jenny Romaine, oral tradition, writers ; Scotty Heron, graphic design ; Laura Kamali, midway organizer ; Jonathan Berger, Scotty Heron, Honza, Elissa JiJi, Alessandra Nichols, Alex Walsh, Marcela Oteiza, Meg Sanders, sets, props, and costumes ; Sir Becca Blackwell, tech director/truck driver.
=511  1\$aJennifer Miller, Osmany Tellez, Michelle Matlock, Noelle Kalom, Cathy Weis, Rachel Kramer, Roderick Murray, Cypress, Ashley Brockington, Jenny Romaine (musician), Terry Dame (musician), Steve Berman (musician), Ben Meyers (musician), Mary Feaster (musician), Lisa Frisari (musician) ; Jonathan Berger, Meg Sanders, Marcela Oteiza, roustabouts.
=520  \\$aHandheld video documentation of Circus Amok's 'The Medicine Show', performed at Tompkins Square Park in New York City. A joyful extravaganza of acrobatic artistry, satiric skill, and good old-fashioned circus fun, this performance deals with social aspects of health, exploring issues like alternative medicine, the historical portrayal of medicine products through racist propaganda, mortality, worldwide epidemics, and health insurance. In particular, the piece delves into the dark side of pharmaceutical companies' and health insurance companies' capitalist strategies; countering these policies, the piece strongly advocates for universal healthcare and widespread access to indispensable medical resources. Circus Amok (www.circusamok.org) is a New York City based circus-theater company whose mission is to provide free public art addressing contemporary issues of social justice to the people of New York City. Directed and founded by Jennifer Miller, the group has been together since 1989 bringing its funny, queer, caustic and sexy, political one-ring spectacles to diverse neighborhoods throughout the city. Over the years the traditional circus skills - tight rope walking, juggling, acrobatics, stilt walking, clowning - have been combined with experimental dance, lifesize puppetry, music old and new, and gender-bending performance art and improvisational techniques, creating new meanings for circus while continuing to entertain the crowds of all ages throughout the city streets, gardens, parks, and playgrounds, inviting the audience to join them in envisioning a more empowered life of community interaction while enjoying a queer celebratory spectacle.
=540  \\$aThere are copyright restrictions on this collection. For more information, go to the online version of this video.
=650  \0$aCircus$zNew York (State)$zNew York.
=650  \0$aStreet theater$zNew York (State)$zNew York.
=650  \0$aGay theater$zNew York (State)$zNew York.
=650  \0$aHealth$xSocial aspects.
=650  \0$aMedical care.
=650  \0$aHealth insurance.
=650  \0$aPublic health.
=650  \0$aSocial justice.
=653  \\$aPolitical performance
=653  \\$aQueer performance
=655  \7$aPerformance.$2nyu-hidvl
=655  \7$aTheater.$2nyu-hidvl
=655  \7$aCircus.$2nyu-hidvl
=655  \7$aPolitical performance.$2nyu-hidvl
=655  \7$aQueer performance.$2nyu-hidvl
=700  1\$aMiller, Jennifer,$d1961-$4cre$4drt$4prf
=700  1\$aRomaine, Jenny.$4mus$4drt
=700  1\$aDame, Terry.$4cmp
=710  2\$aCircus Amok.$4pro
=710  2\$aHemispheric Institute Digital Video Library.
=830  \0$aCircus Amok collection.
=856  40$uhttp://hdl.handle.net/2333.1/prr4xh7g

