=LDR  03584ngm a2200469   4500
=001  004190530
=005  20150928120847.0
=006  m\\\\\\\\c\\\\\\\\
=007  cr\cna|||m|||a
=007  cr\|||||||||||
=008  150925e200110uuohu071\\\\\\\\s\\\vleng\d
=024  7\$aHI2014_005_01$2nyu-hidvl
=040  \\$aNNU$beng$cNNU
=041  0\$aeng
=245  00$aGlory box$h[videorecording] /$cTim Miller, creator.
=260  \\$c2001 Oct.
=300  \\$3viewing copy.$astreaming video (70 min., 3 sec.) :$bsd., col.
=490  1\$aTim Miller Collection
=500  \\$aPart of the Hemispheric Institute Digital Video Library.
=500  \\$aTitle supplied by the Hemispheric Institute.
=508  \\$aTesseract Films Corporation.
=511  1\$aTim Miller, performer.
=518  \\$aPerformed at the Cleveland Public Theatre in Cleveland, Ohio, USA, in October 2001.
=520  \\$aTim Miller is an internationally acclaimed performance artist. Miller's creative work as a performer and writer explores the artistic, spiritual and political topography of his identity as a gay man. Miller's performances have been presented all over North America, Australia, and Europe in such prestigious venues as Yale Repertory Theatre, the Institute of Contemporary Art (London), the Walker Art Center (Minneapolis), and the Brooklyn Academy of Music. Miller’s most recent book 1001 BEDS, an anthology of his performances, essays and journals, was published by University of Wisconsin Press in 2006. Miller has taught performance at UCLA, NYU, the School of Theology at Claremont and at universities all over the US. He is a co-founder of two of the most influential performance spaces in the United States: Performance Space 122 on Manhattan's Lower East Side and Highways Performance Space in Santa Monica, CA. After a nine-year stint in New York City, in 1987 Miller returned home to Los Angeles, California where he was born and raised. He currently lives there with his partner Alistair in Venice Beach.
=520  \\$aGlory Box is a funny, sexy and charged exploration of Tim Miller's journeys through the challenge of love, gay marriage, and the struggle for immigration rights for gay Americans and their partners from other countries. From Miller's hilarious grade school playground battles over wanting to marry another boy to the harrowing travails of being in a bi-national relationship with his Australian lover, Glory Box leads the audience on an intense and humorous journey into the complexity of the human heart that knows no boundary. In Miller’s words, ‘I want the pieces to conjure for the audience a site for the placing of memories, hopes, and dreams of gay people's extraordinary potential for love.’
=534  \\$pMedia source original:$e1 videocassette (DV) : sd., col. ; 1/4 in. (OUTSOURCE CONVERSION).$m[no brand]
=540  \\$aThere are copyright restrictions on this collection. For more information, go to the online version of this video.
=546  \\$aIn English.
=650  \0$aIdentity politics.
=650  \0$aSexual minority community$xSocial aspects.
=650  \0$aPerformance art$zUnited States.
=650  \0$aSexual freedom.
=650  \0$aAIDS (Disease)
=650  \0$aSame-sex marriage.
=653  \\$aIntercountry marriage.
=655  \7$aSolo performance$2nyu-hidvl
=655  \7$aPerformance$2nyu-hidvl
=700  1\$aMiller, Tim,$d1958-$4cre$4prf
=710  2\$aHemispheric Institute Digital Video Library.
=830  \0$aTim Miller collection.
=856  40$uhttp://hdl.handle.net/2333.1/cvdncn4r

