=LDR  06862cgm a2200841 a 4500
=001  000549832
=003  NNU
=004  NYUb13541696
=005  20140421145654.0
=006  m\\\\\\\\z\\\\\\\\
=007  vd\cvaizu
=007  vf\ciahou
=007  cr\cna
=007  \\vd
=007  cr\|||||||||||
=008  071004e200112uuxx\099\\\\\\\\\\\\vleng\d
=024  7\$aHI2007_199_A_01$2nyu-hidvl
=024  7\$aHI2007_199_B_01$2nyu-hidvl
=024  7\$aHI2007.199_01_A$2nyu-hidvl
=040  \\$aNNU$cNNU$eamim
=041  0\$aeng$aspa
=245  00$aPromise of a love song$h[videorecording].
=260  \\$c2001 Dec.
=300  \\$3master.$a2 videocassettes of 2 (Digital Betacam) (99 min.) :$bsd., col. ;$c1/2 in.
=300  \\$3viewing copy.$a2 videodiscs of 2 (DVD) (99 min. : pt.A, 64 min. ; pt. B, 35 min.) :$bsd., col. ;$c4 3/4 in.
=490  1\$aTeatro Pregones collection
=530  \\$aAlso available online as streaming video.
=546  \\$aIn English and Spanish.
=500  \\$aTitle supplied by Hemispheric Institute.
=500  \\$aPart of the Hemispheric Institute Digital Video Library.
=534  \\$pMedia source original:$e1 videocassette of 1 (VHS) : sd., col. ; 1/2 in. SP.$mTDK T-120 ORV.
=518  \\$aPerformed in Dec. 2001.
=508  \\$aPregones Theater, Junebug Productions, Roadside Theater, producers, collective creation ; John O'Neal, Ron Short, texts ; Rosalba Rolón (as dramaturg to 'Silent Dancing' by Judith Ortíz Cofer), texts ; Desmar Guevara, Donald Harrison Jr., Ricardo Pons, music composers; Ron Short, song lyrics and music composer ; Steven Kent, Rosalba Rolón, directors ; Nicole McClendon, production manager ; Douglas D. Smith, lights & sets ; Theresa R. Holden, costumes.
=511  1\$aTroy Bechet, John O'Neal, Andrew Bahan, José J. García, Soldanela Rivera, Kim Neal, Ron Short ; Donald Harrison Jr. (musician), Waldo Chávez (musician), Desmar Guevara (musician), Ricardo Pons (musician), Ron Short (musician), Ricky Sebastian (musician).
=520  \\$a'Promise of a Love Song' is a collaborative play developed from a four-year exchange between Roadside Theater of Kentucky, Junebug Productions of New Orleans, and Pregones Theater of the South Bronx, and their home communities. A cast of twelve musicians and actors from the three companies meet on stage to discover how rhythms, music, movement and stories illuminate the strengths, struggles, similarities, and differences of three peoples - African American, Puerto Rican, and Appalachian. It is a play about love; a tapestry of stories told from very specific realities and worlds. The stories are: 'Star-Crossed Lovers' (Junebug Productions), 'Silent Dancing' (Pregones Theater), and 'Charming Billy' (Roadside Theater). Founded in 1979 and based in The Bronx, New York City, Pregones Theater (http://www.pregones.org) has performed in more than 400 cities and 13 countries. 
=520  \\$aThe company enjoys citywide recognition for their lasting contributions to the performing arts field and are recipients of numerous distinctions including current Leading National Ensemble Theatre Designation from the Doris Duke Charitable Foundation and the Andrew W. Mellon Foundation, Primary Cultural Institution Designation from the New York State Council on the Arts, the New York State Governor's Arts Award, the Culture & Humanities Award from the Center for Puerto Rican Studies, numerous artist and production awards, as well as invitations to appear at international festivals and events. Over the years Pregones has developed a style that combines theater, music and movement, oral and written traditions, and a signature urban sensibility. The ensemble draws from popular Puerto Rican artistic expressions and literature to create and stage its work. Today, Pregones has grown to be one of the leading Puerto Rican/Latino theater theaters in the United States.   
=520  \\$aFrom migrations to indigenous mythologies to subway stories, the company's repertoire covers a growing sample of Latino experiences and identities. Founded in 1979 and based in The Bronx, New York City, Pregones Theater (http://www.pregones.org) has performed in more than 400 cities and 13 countries. The company enjoys citywide recognition for their lasting contributions to the performing arts field and are recipients of numerous distinctions including current Leading National Ensemble Theatre Designation from the Doris Duke Charitable Foundation and the Andrew W. Mellon Foundation, Primary Cultural Institution Designation from the New York State Council on the Arts, the New York State Governor's Arts Award, the Culture & Humanities Award from the Center for Puerto Rican Studies, numerous artist and production awards, as well as invitations to appear at international festivals and events.   
=520  \\$aOver the years Pregones has developed a style that combines theater, music and movement, oral and written traditions, and a signature urban sensibility. The ensemble draws from popular Puerto Rican artistic expressions and literature to create and stage its work. Today, Pregones has grown to be one of the leading Puerto Rican/Latino theater theaters in the United States. From migrations to indigenous mythologies to subway stories, the companys repertoire covers a growing sample of Latino experiences and identities.  
=540  \\$aThere are copyright restrictions on this collection. For more information, go to the online version of this video.
=650  \0$aStorytelling.
=653  \\$aIntercultural theater
=655  \7$aPerformance.$2nyu-hidvl
=655  \7$aTheater.$2nyu-hidvl
=655  \7$aLatino theater.$2nyu-hidvl
=655  \7$aPuerto Rican theater.$2nyu-hidvl
=655  \7$aAfrican American theater.$2nyu-hidvl
=655  \7$aAppalachian theater.$2nyu-hidvl
=700  1\$aO'Neal, John.$4aut$4prf
=700  1\$aShort, Ron.$4aut$4mus$4prf
=700  1\$aRolón, Rosalba.$4aut$4drt
=700  1\$aGuevara, Desmar.$4mus
=700  1\$aHarrison, Donald,$d1960-$4mus
=700  1\$aPons, Ricardo.$4mus
=700  1\$aKent, Steven.$4drt
=700  1\$aMcClendon, Nicole.$4prd
=710  2\$aPregones Theatre (New York, N.Y.)$4pro$4cre
=710  2\$aJunebug Productions.$4pro$4cre
=710  2\$aRoadside Theater.$4pro$4cre
=710  2\$aHemispheric Institute Digital Video Library.
=740  02$aStar-crossed lovers.
=740  02$aSilent dancing.
=740  02$aCharming Billy.
=830  \0$aTeatro Pregones collection.
=853  00$81$apt.
=863  50$81.1$aA$p31142046116409
=863  50$81.2$aB$p31142046116417
=856  40$uhttp://hdl.handle.net/2333.1/f1vhhms1
=954  \\$81$aVolumes

