=LDR  03831cgm a22006615a 4500
=001  000509459
=003  NNU
=004  NYUb13497676
=005  20111013174816.0
=006  m\\\\\\\\z\\\\\\\\
=007  vd\cvaizu
=007  vf\ciahou
=007  cr\cna
=007  cr\|||||||||||
=008  070516s2001\\\\mx\030\\\\\\\\\\\\vlspa\d
=024  7\$aHI2006_103_01$2nyu-hidvl
=024  7\$aHI2006.103_01$2nyu-hidvl
=040  \\$aNNU$cNNU$eamim
=041  0\$aspa$amyn
=043  \\$an-mx---
=245  03$aLa voz y la fuerza de la mujer$h[videorecording].
=260  \\$c2001.
=300  \\$3master.$a1 videocassette of 1 (Digital Betacam) (30 min.) :$bsd., col. ;$c1/2 in.
=300  \\$3viewing copy.$a1 videodisc of 1 (DVD) (30 min.) :$bsd., col. ;$c4 3/4 in.
=490  1\$aFOMMA video collection
=530  \\$aAlso available online as streaming video.
=546  \\$aIn Spanish and some Tzotzil.
=500  \\$aTitle supplied by Hemispheric Institute.
=500  \\$aPart of the Hemispheric Institute Digital Video Library.
=534  \\$pMedia source original:$e1 videocassette of 1 (VHS) : sd., col. ; 1/2 in. SP.$mSony.
=518  \\$aPerformed at Casa FOMMA, San Cristóbal de las Casas, Chiapas, Mexico, in 2001.
=508  \\$aFortaleza de la Mujer Maya (FOMMA), producer ; María Francisca Oseguera Cruz, writer ; Doris Difarnecio, director.
=511  1\$aIsabel Juárez Espinosa, Petrona de la Cruz Cruz, Victoria Patishtan Gómez, María Pérez Sántiz, María Francisca Oseguera Cruz.
=520  \\$aFOMMA - Fortaleza de la Mujer Maya - is a collective of Mayan women who use theater as a tool for education and community building. They are performers, playwrights, and teachers who tour their work in their communities and internationally, performing plays that focus on women's and indigenous rights, literacy, cultural survival, ecology, health, and education in the Tzeltal and Tzotzil indigenous languages. 'La voz y la fuerza de la mujer' presents the role of women in electoral politics. Don Zacarías and Doña Carmelita are the two candidates that are competing to represent the people in the upcoming elections. Zacarías' relationship with his prospective voters is patronizing and disrespectful, while Carmelita has closer ties with the women in the community, a relationship that includes open dialogue and empowerment. Through a flashback, the play narrates how Carmelita, from being part of a family who did not allow her to get an education, became a political leader following her strong will. She ends up winning the elections and the rest of the women are inspired by her example to demand their right for equality, education, and political participation and leadership.
=540  \\$aThere are copyright restrictions on this collection. For more information, go to the online version of this video.
=650  \0$aTheater$zMexico.
=650  \0$aCommunity organization.
=650  \0$aWomen's rights.
=650  \0$aWomen$xPolitical activity.
=650  \0$aWomen politicians.
=653  \\$aIndigenous theater
=655  \7$aPerformance.$2nyu-hidvl
=655  \7$aTheater.$2nyu-hidvl
=655  \7$aCommunity theater.$2nyu-hidvl
=655  \7$aIndigenous theater.$2nyu-hidvl
=655  \7$aMexican theater.$2nyu-hidvl
=655  \7$aFeminist theater.$2nyu-hidvl
=700  1\$aOseguera Cruz, María Francisca.$4aut$4prf
=700  1\$aDifarnecio, Doris.$4drt
=710  2\$aFortaleza de la Mujer Maya (Organization)$4pro
=710  2\$aHemispheric Institute Digital Video Library.
=830  \0$aFOMMA video collection.
=856  40$uhttp://hdl.handle.net/2333.1/05qfttkh

