=LDR  05567cgm a22006855a 4500
=001  000516412
=003  NNU
=004  NYUb13505422
=005  20080129114332.0
=006  m\\\\\\\\z\\\\\\\\
=007  vd\cvaizu
=007  vf\ciahou
=007  cr\cna
=007  cr\|||||||||||
=008  070613s2001\\\\pe\052\\\\\\\\\\\\vlspa\d
=024  7\$aHI2006_030_01$2nyu-hidvl
=024  7\$aHI2006.030_01$2nyu-hidvl
=035  \\$a(NYU)NYUb13505422
=040  \\$aNNU$cNNU$eamim
=043  \\$as-pe---
=245  00$aMemoria del teatro$h[videorecording] :$bmujeres de Yuyachkani.
=246  30$aMujeres de Yuyachkani
=246  31$aMemory of the theater :$bwomen of Yuyachkani
=260  \\$c2001.
=300  \\$3master.$a1 videocassette of 1 (Digital Betacam) (52 min.) :$bsd., col. ;$c1/2 in.
=300  \\$3viewing copy.$a1 videodisc of 1 (DVD) (52 min.) :$bsd., col. ;$c4 3/4 in.
=490  1\$aYuyachkani collection
=530  \\$aAlso available online as streaming video.
=546  \\$aIn Spanish.
=500  \\$aInterview celebrated in the context of the TV program 'Memoria del Teatro', directed and conducted by Luis Peirano, Channel 7, Lima, Peru.
=500  \\$aTitle supplied by Hemispheric Institute.
=500  \\$aPart of the Hemispheric Institute Digital Video Library.
=534  \\$pMedia source original:$e1 videocassette of 1 (VHS) : sd., col. ; 1/2 in. SP.
=518  \\$aRecorded in Lima, Peru, in 2001.
=508  \\$aChannel 7 (Lima, Peru), producer ; Luis Peirano, director ; Iván Jaen, Alberto Silva, videographers.
=511  0\$aLuis Peirano, interviewer ; Teresa Ralli, interviewee ; Ana Correa, interviewee.
=520  \\$aInterview with Ana Correa and Teresa Ralli, members of Peruvian theater ensemble Grupo Cultural Yuyachkani, conducted by sociologist and Dean of the Universidad Católica's School of Communication Arts and Sciences, Luis Peirano, for Peru's TV Channel 7 show 'Memoria del Teatro.' In this interview, conducted in the context of the celebration of the International Women's Day, Peirano, Correa and Ralli discuss the role of women in Peruvian theater. Topics covered include women's role in society, the difficulty of making a living as professional female theater practitioners, and how the women artists' work with Yuyachkani provides them with a space for self-reflection about these roles, a creative realm where to play with and challenge them. For Ralli and Correa, theater has been a space for personal growth, aesthetic exploration, and social intervention. The artists discuss the interplay between their workshops with Peruvian women (dealing with issues of sensibility, bodily awareness, and memory), their theater performances, and their political activism in Peru, both in terms of the internal workings of Yuyachkani and with their audience. This program includes clips from 'La Primera Cena' (one of Yuyachkani's plays) and the Encuentro Nacional de Actrices (a conference/event that brought together various Peruvian female performers of Peru). Teresa Ralli also discusses her role in Yuyachkani's play 'Músicos Ambulantes,' and the role women artists play in the creation and performance of her piece 'Antígona.' Peru's most important theatre collective, Grupo Cultural Yuyachkani (www.yuyachkani.org) has been working since 1971 at the forefront of theatrical experimentation, political performance, and collective creation. 'Yuyachkani' is a Quechua word that means 'I am thinking, I am remembering'; under this name, the theatre group has devoted itself to the collective exploration of embodied social memory, particularly in relation to questions of ethnicity, violence, and memory in Peru. The group is comprised of seven actors (Augusto Casafranca, Amiel Cayo, Ana Correa, Débora Correa, Rebeca Ralli, Teresa Ralli, and Julián Vargas), a technical designer (Fidel Melquíades), and an artistic director (Miguel Rubio), who have made a commitment to collective creation as a mode of theatrical production and to group theater as a life style. Their work has been among the most important in Latin America's so called 'New Popular Theater,' with a strong commitment to grass-roots community issues, mobilization, and advocacy. Yuyachkani won Peru's National Human Rights Award in 2000. Known for its creative embrace of both indigenous performance forms as well as cosmopolitan theatrical forms, Yuyachkani offers insight into Peruvian and Latin American theatre, and to broader issues of postcolonial social aesthetics.
=540  \\$aThere are copyright restrictions on this collection. For more information, go to the online version of this video.
=600  10$aRalli, Teresa$vInterviews.
=600  10$aCorrea, Ana$vInterviews.
=610  20$aGrupo Cultural Yuyachkani.
=650  \0$aWomen performance artists$zPeru.
=650  \0$aWomen in the performing arts$zPeru.
=650  \0$aWomen in the theater$zPeru.
=650  \0$aWomen$xSocial conditions.
=650  \0$aWomen$zPeru.
=650  \0$aPerforming arts$zPeru.
=650  \0$aTheater$zPeru.
=655  \7$aInterview.$2nyu-hidvl
=700  1\$aPeirano Falconi, Luis.$4drt$4ivr
=700  1\$aRalli, Teresa.$4ive
=700  1\$aCorrea, Ana.$4ive
=710  2\$aGrupo Cultural Yuyachkani.
=710  2\$aHemispheric Institute Digital Video Library.
=830  \0$aYuyachkani collection.
=856  40$uhttp://hdl.handle.net/2333.1/3bk3j9rw

