=LDR  04508cgm a2200613 a 4500
=001  003744105
=004  003744105
=005  20140421210502.0
=006  m\\\\\\\\z\\\\\\\\
=007  vd\cvaizu
=007  cr\cna|||m|||a
=007  cr\|||||||||||
=007  vd\cvaizu
=008  130425e20010617mx\062\\\\\\\\\\\\vlspa\d
=024  7\$aHI2011_012_01$2nyu-hidvl
=024  7\$aHI2011.012_01$2nyu-hidvl
=040  \\$aNNU$beng$cNNU
=041  0\$aspa
=043  \\$an-mx---
=079  \\$a(OCoLC)845246373
=245  00$aInterview with Jesusa Rodríguez y Liliana Felipe$h[videorecording] /$cHemispheric Institute of Performance and Politics, producer.
=246  30$aJesusa Rodríguez y Liliana Felipe
=260  \\$c2001 June 17.
=300  \\$3viewing copy.$a1 videodisc of 1 (DVD) (61 min., 53 sec.) :$bsd., col. ;$c4 3/4 in.
=490  1\$aHemispheric Institute featured interviews
=546  \\$aIn Spanish.
=500  \\$aTitle supplied by Hemispheric Institute.
=500  \\$aPart of the Hemispheric Institute Digital Video Library.
=518  \\$aRecorded in Monterrey, México, on June 17, 2001.
=511  1\$aJesusa Rodríguez, Liliana Felipe, interviewees ; Marlène Ramírez-Cancio, Claire Crosby, interviewers.
=520  \\$aMarlène Ramírez-Cancio and Claire Crosby interview Jesusa Rodríguez and Liliana Felipe, who talk about their beginnings both as artists and as a couple. They conceived their wedding as a performative act, which was a symbolic statement against a law in Mexico called “Sociedad en Convivencia” (living together in society). Their wedding was immediately followed by their divorce as a part of a contract that should make the couple’s life easier. As they do not believe in marriage or in a social legalization of affect, Jesusa and Liliana talk about how institutions impose and shape issues as sexuality, gender, and human rights. These two wonderful women speak about how society understands masculine and feminine; they also discuss how their art practice and cabaret performances question women's oppression and inequality of power, and how cabaret can function as a thermometer for political struggles. For them, revolution starts from within ourselves, and then it could expand to transform our world. Jesusa and Liliana ran together the famous El Hábito in Mexico City, where they staged hundreds of shows over the course of fifteen years.
=520  \\$aJesusa Rodríguez is Mexico’s most influential cabaret and political performance artist, and recipient of an Obie Award. Often referred to as a chameleon, Rodríguez moves seemingly effortlessly and with vigor across the spectrum of cultural forms, styles, and tones. Her work challenges traditional classification, crossing with ease generic boundaries: from elite to popular to mass; from Greek tragedy to cabaret; from pre-Columbian indigenous to opera; from revue, sketch and carpa, to performative acts within political projects. Most recently, she heads up the Resistencia Creativa movement in Mexico, whose key strategy is using ‘massive cabaret’ as a tool for political action. Liliana Felipe is a composer, singer, gardener, tango musician, and clergyphobe. She left Argentina for Mexico just before the military coup in 1976, but her sister and brother-in-law remain among the 30,000 disappeared.
=530  \\$aAlso available online as streaming video.
=534  \\$pMedia source original:$e1 videocassette of 1 (Mini DV) : sd., col. ; 1/4 in. SP.$mSony Premium DVM60-ME
=540  \\$aThere are copyright restrictions on this collection. For more information, go to the online version of this video.
=600  10$aRodríguez, Jesusa$vInterviews.
=600  10$aFelipe, Liliana$vInterviews.
=650  \0$aSame-sex marriage$zMexico.
=650  \0$aFeminism.
=650  \0$aGender identity$xPolitical aspects.
=650  \0$aSex$xPolitical aspects.
=650  \0$aGay couples$zMexico$xSocial aspects.
=650  \0$aPolitical activists$zMexico.
=655  \7$aInterview.$2nyu-hidvl
=700  1\$aRodríguez, Jesusa.$4ive
=700  1\$aFelipe, Liliana.$4ive
=700  1\$aRamírez-Cancio, Marlène.$4ivr
=700  1\$aCrosby, Claire.$4ivr
=710  2\$aHemispheric Institute of Performance and Politics.$4pro
=710  2\$aHemispheric Institute Digital Video Library.
=830  \0$aHemispheric Institute featured interviews.
=856  40$uhttp://hdl.handle.net/2333.1/zcrjdj22

