=LDR  05619cgm a2200649 a 4500
=001  000560134
=003  NNU
=004  NYUb13552934
=005  20071210173435.0
=006  m\\\\\\\\z\\\\\\\\
=007  vd\cvaizu
=007  vf\ciahou
=007  cr\cna
=007  cr\|||||||||||
=008  071113s2001\\\\pe\072\\\\\\\\\\\\vlspa\d
=024  7\$aHI2005_097_01$2nyu-hidvl
=024  7\$aHI2005.097_01$2nyu-hidvl
=040  \\$aNNU$cNNU$eamim
=043  \\$as-pe---
=245  00$aSantiago$h[videorecording]
=260  \\$c2001.
=300  \\$3master.$a1 videocassette of 1 (Digital Betacam) (72min.) :$bsd., col. ;$c1/2 in.
=300  \\$3viewing copy.$a1 videodisc of 1 (DVD) (72 min.) :$bsd., col. ;$c4 3/4 in.
=490  1\$aYuyachkani collection
=530  \\$aAlso available online as streaming video.
=546  \\$aIn Spanish.
=500  \\$aTitle supplied by Hemispheric Institute.
=500  \\$aPart of the Hemispheric Institute Digital Video Library.
=534  \\$pMedia source original:$e1 videocassette of 1 (Betacam SP) : sd., col. ; 1/2 in. SP.$mSony Betacam SP BCT-90MLA.
=518  \\$aPerformed in Lima, Peru, in 2001.
=508  \\$aGrupo Cultural Yuyachkani & Peter Elmore, collective creation ; Miguel Rubio, director ; Grupo Cultural Yuyachkani, producer ; Socorro Naveda, producer ; Rebeca Ráez, assistant director ; Fidel Melquíades, technical director ; José Balado, music ; Manuel Herrera, lighting design ; Jesús Ruiz Durand, graphic design ; Elsa Estremadoyro, photography ; Agripina Mendívil, saints sculptures ; Amiel Cayo, Santiago sculpture ; Rafael Pinto, horse sculpture ; Fidel Melquíades, lights operator ; Giselle Buller, sound operator.
=511  1\$aAugusto Casafranca, Amiel Cayo, Ana Correa.
=520  \\$aThe main action of the play takes place over a few hours within the confines of a church, centering on the efforts of church caretakers to prepare the statue of Santiago for an annual procession. Due to the war, these three caretakersthe only survivors of the townhave been unable to honor their patron saint for many years. For the Hispanic Mayordomo and his mestiza employee, Bernardina, the procession would restore order and bring meaning back to their lives. Yet, for the subaltern indigenous character, Rufino, to honor Santiago would betray his cultural identity. Rufino thus decides to adopt the language, masks, and clothes of an Andean trickster deity in order to betray the attempt to restage the procession. As the program notes explain, during la Reconquista the figure of Santiago was transformed from a peaceful follower of Christ into the Moor-slaying Patron of Spain; in the Conquest, he became a killer of Indians. Ironically, Catholicism's colonizing force turned Santiago into the holy patron of many Peruvian towns, venerated by the largely native and mestizo population. This production suggests that, although forgotten by most Peruvians, a syncretic connection between Santiago and the Andean god Yllapa motivated this odd veneration. The piece merges dream with reality, past with present, as the memories of the earlier peninsular Reconquest allegorize both the Spanish Conquest of America and the recent guerilla war that ravaged the country for decades. Perus most important theatre collective, Grupo Cultural Yuyachkani (www.yuyachkani.org) has been working since 1971 at the forefront of theatrical experimentation, political performance, and collective creation. Yuyachkani is a Quechua word that means I am thinking, I am remembering; under this name, the theatre group has devoted itself to the collective exploration of embodied social memory, particularly in relation to questions of ethnicity, violence, and memory in Peru. The group is comprised of seven actors (Augusto Casafranca, Amiel Cayo, Ana Correa, Débora Correa, Rebeca Ralli, Teresa Ralli, and Julián Vargas), a technical designer (Fidel Melquíades), and an artistic director (Miguel Rubio), who have made a commitment to collective creation as a mode of theatrical production and to group theatre as a life style. Their work has been among the most important in Latin Americas so called New Popular Theatre, with a strong commitment to grass-roots community issues, mobilization, and advocacy. Yuyachkani won Perus National Human Rights Award in 2000. Known for its creative embrace of both indigenous performance forms as well as cosmopolitan theatrical forms, Yuyachkani offers insight into Peruvian and Latin American theatre, and to broader issues of postcolonial social aesthetics.
=540  \\$aThere are copyright restrictions on this collection. For more information, go to the online version of this video.
=650  \0$aPolitical violence$zPeru.
=650  \0$aIdentity (Psychology)$xPolitical aspects.
=650  \0$aIdentification (Religion)
=650  \0$aTheater$zPeru.
=653  \\$aSantiago
=653  \\$aIdentity politics
=655  \7$aPerformance.$2nyu-hidvl
=655  \7$aTheater.$2nyu-hidvl
=655  \7$aPolitical theater.$2nyu-hidvl
=655  \7$aPeruvian theater.$2nyu-hidvl
=700  1\$aRubio, Miguel.$4drt
=700  1\$aCasafranca, Augusto.$4prf
=700  1\$aCayo, Amiel.$4prf
=700  1\$aCorrea, Ana.$4prf
=710  2\$aGrupo Cultural Yuyachkani.
=710  2\$aHemispheric Institute Digital Video Library.
=830  \0$aYuyachkani collection.
=856  40$uhttp://hdl.handle.net/2333.1/fttdz0jx

