=LDR  04248ngm a2200505 a 4500
=001  003305515
=004  003305515
=005  20100221130517.0
=006  m\\\\\\\\z\\\\\\\\
=007  vd\cvaiz|
=007  cr\cna|||m|||a
=007  vd\cvaiz|
=007  cr\|||||||||||
=008  100218e20011127nyu013\\\\\\\\\\\\vleng\d
=024  7\$aHI2009_007_01$2nyu-hidvl
=024  7\$aHI2009.007_01$2nyu-hidvl
=040  \\$aNNU$beng$cNNU
=079  \\$a(OCoLC)607280725
=245  00$aInterview with Richard Schechner$h[videorecording] :$bwhat is performance studies?
=246  3\$aRichard Schechner
=260  \\$c2001 Nov. 27.
=300  \\$3viewing copy.$a1 videodisc of 1 (DVD) (13 min.) :$bsd., col. ;$c4 3/4 in.
=490  1\$aInterview series : What is performance studies?
=500  \\$aTitle supplied by Hemispheric Institute.
=500  \\$aPart of the Hemispheric Institute Digital Video Library.
=518  \\$aFilmed in New York, NY, on November 27, 2001.
=508  \\$aHemispheric Institute of Performance and Politics, producer.
=511  0\$aRichard Schechner, interviewee ; Diana Taylor, interviewer.
=520  \\$aInterview with Richard Schechner, conducted by Diana Taylor, founding director of the Hemispheric Institute of Performance and Politics. This interview is a part of a series curated by the Hemispheric Institute, articulated around the question 'What is Performance Studies?' The series aims to provide a multifaceted approach to the often difficult task of defining the coordinates of both a field of academic study as well as a lens through which to assess and document cultural practice and embodied behavior. The contingent definitions documented in this series are based on the groundbreaking experiences and the scholarly endeavors of renowned figures in contemporary performance studies and practice.
=520  \\$aRichard Schechner is a theater director, performance theorist and university professor known for being one of the founders of the academic discipline of Performance Studies at Tisch School of the Arts, New York University. Schechner combines his work in anthropology with innovative approaches to performance of all kinds, including ritual, drama, environmental theater, political rallies, dance, music, etc. in order to consider how performance can be understood not just as an object of study, but also as an active intellectual-artistic practice. He is the editor of TDR: The Journal of Performance Studies. His books include 'Environmental Theater,' 'The Future of Ritual,' 'Performance Theory,' 'Between Theater and Anthropology,' 'Performance Studies: An Introduction,' and 'Over, Under, and Around.' Currently he is working on two books: 'Ramlila of Ramnagar' and 'After the Avantgarde.' As of 2008, his books have been translated into 14 languages. Schechner has been a National Endowment for the Humanities senior research fellow, a Smithsonian Institution research fellow, a Fulbright senior research fellow and a Guggenheim fellow, among other honors. He is also renowned for founding The Performance Group, and is currently the artistic director of East Coast Artists. He has directed plays, lectured, and conducted performance workshops in Asia, South Africa, Latin America, and Europe. Schechner is an honorary professor of the Shanghai Theatre Academy where he leads the Richard Schechner Center.
=530  \\$aAlso available online as streaming video.
=534  \\$pMedia source original:$e1 videocassette of 1 (Mini DV) : sd., col. ; 1/4 in. SP.
=540  \\$aThere are copyright restrictions on this collection. For more information, go to the online version of this video.
=600  10$aSchechner, Richard,$d1934-$vInterviews.
=650  \0$aPerforming arts$xStudy and teaching.
=653  \\$aPerformance studies.
=655  \7$aInterview.$2nyu-hidvl
=700  1\$aSchechner, Richard,$d1934-$4ive
=700  1\$aTaylor, Diana,$d1950-$4ivr
=710  2\$aHemispheric Institute of Performance and Politics.$4pro
=710  2\$aHemispheric Institute Digital Video Library.
=830  \0$aInterview series : What is performance studies?
=856  40$uhttp://hdl.handle.net/2333.1/vq83bksb

