=LDR  05324cgm a2200649 a 4500
=001  003960825
=005  20140421224945.0
=006  m\\\\\\\\c\\\\\\\\
=007  cr\cna|||m|||a
=007  cr\|||||||||||
=008  140306s2001\\\\mau008\\\\\\\\s\\\vleng\d
=024  7\$aHI2013_005_01$2nyu-hidvl
=040  \\$aNNU$beng$cNNU
=041  0\$aeng
=245  00$aProject 2050$h[videorecording] :$bmore than one prison /$cRoberta Uno, creator, director for video ; Lamont Allen Jr., Christina Delgado, Donaven Gibbs, Chris Gray, Jamille Hazard, Nahid Ibrahim, Valerie Jiggetts, Jacqueline Johnson, Cassie Madera, Jason Martinez, Mikiko Thelwell, Dionne Walker, creators ; New WORLD Theater, producer.
=246  31$aMore than one prison
=260  \\$c2001.
=300  \\$3viewing copy.$astreaming video (7 min., 4 sec.) :$bsd., col.
=490  1\$aNew WORLD Theater collection
=546  \\$aIn English.
=500  \\$aTitle supplied by Hemispheric Institute.
=500  \\$aPart of the Hemispheric Institute Digital Video Library.
=518  \\$aPerformed at the University of Massachusetts in Amherst, Massachusetts, in 2001.
=508  \\$aMikiko Thelwell and Jamille Hazard, choreographers ; Jungels Moving Pictures, video production.
=511  1\$aChristina Delgado, Chris Gray, Jamille Hazard, Valerie Jiggetts, Jacqueline Johnson, Nahid Ibrahim, Cassie Madera, Jason Martinez, Mikiko Thelwell, Ebonee Smith, Dionne Walker, performers.
=520  \\$aFrom 1979-2009, the New WORLD Theater worked at the intersection of artistic practice, community engagement, scholarship, and activism toward a vision of a 'new world' - one that broke the confines of multiculturalism and was an artistic harbinger of America’s shifting demographics. From a geographic 'outpost' in New England, New WORLD Theater evolved from a community organizing project and the Northeast point on a theater touring compass, to a protective studio to hone new work, a site of international intersections from South Africa to the South Bronx, and the home of inspired and rigorous collaborations with Western Massachusetts youth. New performance work development at New WORLD defied the conventional theater play lab as ghetto for artists of color; artists were met where they wanted to be in the imagining of new approaches, methods, and production. One of New WORLD Theater's artistic legacies is Project 2050, a multi-year youth arts initiative built on the demographic projection that people of color would become the majority in the United States by 2050. The program brought together professional artists, youth communities from Massachusetts, scholars, and community activists to engage civic dialogue and create original performances based on themes that addressed young performers' dreams and concerns. Performances were created from workshops that included playwriting, poetry, breakdancing, drumming, beatboxing, lyricism, singing, songwriting, stepping, and visual art.
=520  \\$aThis is a video documentation of one of the first events created by Project 2050, 'More Than One Prison,' where young performers discuss the relationships between youth of color and the prison industrial complex. Performers integrate movement and rhyme, stomp style, to discuss the politics of prisons. They reflect upon prison as an omnipresent institution that affects individual lives, making people social prisoners. If imprisonment pervades so many aspects of life, then they ask: 'how do you know you are free?' Through spoken word and verses created by them, these young performers share with the audience their thoughts about what means being a woman, being a person of color, and being marginalized in a society that lacks opportunities. They make clear that incarceration is not the only way of being in prison, and that social change is necessary to be free of both symbolic and violent forms of oppression.
=534  \\$pMedia source original:$e1 videocassette of 1 (VHS) : sd., col. ; 1/2 in. SP.$mRCA T-120H GX
=540  \\$aThere are copyright restrictions on this collection. For more information, go to the online version of this video.
=650  \0$aEthnicity$xPolitical aspects
=650  \0$aRace$xPolitical aspects.
=650  \0$aPrison industries.
=650  \0$aPerforming arts and youth.
=655  \7$aPerformance.$2nyu-hidvl
=655  \7$aTheater.$2nyu-hidvl
=655  \7$aSpoken word.$2nyu-hidvl
=655  \7$aDance.$2nyu-hidvl
=700  1\$aUno, Roberta,$d1956-$4drt$4cre
=700  1\$aAllen, Lamont,$cJr.$4cre
=700  1\$aDelgado, Christina.$4cre$4prf
=700  1\$aGibbs, Donaven.$4cre
=700  1\$aGray, Chris.$4cre$4prf
=700  1\$aHazard, Jamille.$4cre$4chr$4prf
=700  1\$aIbrahim, Nahid.$4cre$4prf
=700  1\$aJiggetts, Valerie.$4cre$4prf
=700  1\$aJohnson, Jacqueline.$4cre$4prf
=700  1\$aMadera, Cassie.$4cre$4prf
=700  1\$aMartinez, Jason.$4cre$4prf
=700  1\$aThelwell, Mikiko.$4cre$4chr$4prf
=700  1\$aWalker, Dionne.$4cre$4prf
=700  1\$aSmith, Ebonee.$4prf
=710  2\$aJungels Moving Pictures.$4vdg
=710  2\$aNew WORLD Theater.$4pro
=710  2\$aHemispheric Institute Digital Video Library.
=830  \0$aNew WORLD Theater collection.
=856  40$uhttp://hdl.handle.net/2333.1/0k6djjz8

