=LDR  04774cgm a2200697 a 4500
=001  000539583
=003  NNU
=004  NYUb13530693
=005  20090409123130.0
=006  m\\\\\\\\z\\\\\\\\
=007  vd\cvaizu
=007  vf\ciahou
=007  cr\cna
=007  cr\|||||||||||
=008  070508s2001\\\\cau137\\\\\\\\\\\\vleng\d
=024  7\$aHI2007_068_01$2nyu-hidvl
=024  7\$aHI2007_069_01$2nyu-hidvl
=024  7\$aHI2007_120_01$2nyu-hidvl
=024  7\$aHI2007.068_01$2nyu-hidvl
=040  \\$aNNU$cNNU$eamim
=041  0\$aeng$aspa
=079  \\$a(OCoLC)878606838
=245  00$aMundo Mata$h[videorecording].
=260  \\$c2001 May.
=300  \\$3viewing copy.$a3 videodiscs of 3 (DVD) (137 min. : pt.1, 63 min. ; pt.2, 31 min. ; pt.3, 43 min.) :$bsd., col. ;$c4 3/4 in.
=300  \\$3master.$a3 videocassettes of 3 (Digital Betacam) (137 min.) :$bsd., col. ;$c1/2 in.
=490  1\$aEl Teatro Campesino collection
=530  \\$aAlso available online as streaming video.
=546  \\$aIn English, with some Spanish.
=500  \\$aTitle supplied by Hemispheric Institute.
=500  \\$aPart of the Hemispheric Institute Digital Video Library.
=534  \\$pMedia source original:$e3 videocassettes of 3 (Mini DV) : sd., col. ; 1/4 in. SP.$mPanasonic ME60/90.
=518  \\$aPerformed in San Juan Bautista, California, in May 2001.
=508  \\$aEl Teatro Campesino, producer; Anahuac Valdez, producer; Luis Valdez, director, writer; David John Chavez, assistant director; Emiliano Valdez, musical director; Paul Skelton, lighting designer; Gabriela Fernandez, costume designer; Joe Cardinalli, Kinan Valdez, production design; Daniel Valdez, vocal director; Lupe Trujillo Valdez, casting director; Daniel Valdez, soundtrack producer; Izzy Luna Valdez, technical director; Chicanos on the Run, set construction.
=511  1\$aAnahuac Valdez, Phil Esparza, Lakin Valdez, Raul S.Cardona, Kinan Valdez, Gustavo Manrique, Daniel Valdez, Primavera Valdez, Cesar Flores, Estrella Esparza, Ruben Gonzalez, Tamra Samudio, Tom Shamrell Jr., Mary de Anda, Katrina D. Valdez, David Alvarez, Rosa Angelica León, Adrian Esai Pacheco, Jaime Avelar Guzman.
=520  \\$aIt is the summer of 1973, and the United Farm Workers are fighting for their lives. Led by Cesar Chavez, a march comes to Burlap, California, a fictional tank town in the heart of the San Joaquin Valley. This is the background for playwright, director and El Teatro Campesinos founder Luis Valdez vintage classic, Mundo Mata a period piece that exposes the raw realities of life in a small farmworker town. As part of an epic struggle to achieve victory in union elections among ranches up and down the state, the campaign in Burlap brings together two brothers and pulls them apart. One is Bullet Mata, who returns to his old hometown for the first time in twelve years; the other, his older brother Mundo, a Vietnam veteran. Bullet is a college dropout, turned Chavista sworn to non-violence. Mundo is a drug dealer, secretly hired by two growers to stop Chavez. While the issue of violence versus non-violence becomes a personal matter between the two brothers, Mundo Mata also resonates within a larger landscape of the Civil Rights movement and the Vietnam War. What if Cesar Chavez had been assassinated in 1973? Would history remember him differently? These are some of the questions implied in this gritty drama about the farmworkers struggle for justice. Mundo Mata premiered in 1976 in El Paso, Texas in the Chamizal Theater on the borderline with Juarez, Mexico. After being retired, the play was revived, rewritten and restaged, as documented in this 2001 production.
=540  \\$aThere are copyright restrictions on this collection. For more information, go to the online version of this video.
=600  10$aChavez, Cesar,$d1927-1993$vDrama.
=610  20$aUnited Farm Workers$vDrama.
=650  \0$aCivil rights movements$vDrama.
=653  \\$aChicano theater
=655  \7$aPerformance.$2nyu-hidvl
=655  \7$aTheater.$2nyu-hidvl
=655  \7$aChicano theater.$2nyu-hidvl
=655  \7$aPolitical theater.$2nyu-hidvl
=700  1\$aValdez, Anahuac.$4pro
=700  1\$aValdez, Luis.$4drt$4aut
=710  2\$aTeatro Campesino (Organization)
=710  2\$aHemispheric Institute Digital Video Library.
=830  \3$aEl Teatro Campesino collection.
=856  40$uhttp://hdl.handle.net/2333.1/9s4mw6t9
=853  00$81$apt.
=863  50$81.1$a1$p31142042580368
=863  50$81.2$a2$p31142042580376
=863  50$81.3$a3$p31142045979203
=954  \\$81$aVolumes

