=LDR  04953cgm a2200733 a 4500
=001  000539733
=003  NNU
=004  NYUb13530849
=005  20090409123121.0
=006  m\\\\\\\\z\\\\\\\\
=007  vd\cvaizu
=007  vf\ciahou
=007  cr\cna
=007  cr\|||||||||||
=008  070830s2001\\\\cau072\\\\\\\\\\\\vleng\d
=024  7\$aHI2007_084_01$2nyu-hidvl
=024  7\$aHI2007_123_01$2nyu-hidvl
=024  7\$aHI2007.084_01$2nyu-hidvl
=040  \\$aNNU$cNNU$eamim
=079  \\$a(OCoLC)878606886
=245  00$aLa carpa de los Rasquachis$h[videorecording].
=260  \\$c2001 Sept.
=300  \\$3viewing copy.$a2 videodiscs of 2 (DVD) (72 min. : pt.1, 63 min. ; pt.2, 9 min.) :$bsd., col. ;$c4 3/4 in.
=300  \\$3master.$a2 videocassettes of 2 (Digital Betacam) (72 min.) :$bsd., col. ;$c1/2 in.
=490  1\$aEl Teatro Campesino collection
=530  \\$aAlso available online as streaming video.
=500  \\$aTitle supplied by Hemispheric Institute.
=500  \\$aPart of the Hemispheric Institute Digital Video Library.
=534  \\$pMedia source original:$e2 videocassettes of 2 (Mini DV) : sd., col. ; 1/4 in. SP.$mPanasonic DVM60.
=518  \\$aPerformed at Mission Cultural Center, San Francisco, CA, in Sept. 2001.
=508  \\$aEl Teatro Campesino, producer ; Anahuac Valdez, producer ; Kinan Valdez, director ; Lakin Valdez, director ; Luis Valdez, writer ; Emiliano Valdez, musical direction ; El Teatro Campesino, set design ; Dorothy Martinez, costumer design ; Sarah Guerra, stage manager.
=511  1\$aKinan Valdez, Anahuac Valdez, Bertha Desiderio, David Alvarez, Irma Aceves-Valdez, Josh Sanchez, Katrina D. Valdez, Lakin Valdez, Primavera Flor Valdez ; Emiliano Valdez, Josh Cabibi, Mario E. Perea, Jeremiah Martinez, Mary de Anda (musicians).
=500  \\$aLater version of La familia Rasquache.
=520  \\$aFounded in 1965 by Luis Valdez, El Teatro Campesino was initially the cultural wing of the United Farm Workers union in California's central valley. With a pointed political mission, ETC performed their actos in the fields, agitprop improvisations communicated eloquently with the workers, who could neither read nor write, but recognized themselves and their values in the actos. By 1970 ETC had gained an international reputation, with major contributions to Chicano culture in the U.S. and to the development and expansion of the boundaries of theater everywhere. Theirs is a popular theater rooted in the American streets, early California history, Mayan/Aztec mythology and Mexican folklore and spiritualism, all geared toward expression of social, political and cultural perceptions. La Carpa de los Rasquachis was originally produced in 1974, and underwent several revisions until 1976, when it was locked into the definitive version seen in this revival performed by a new generation of ETC actors more than twenty years after its premiere. The carpa (itinerant tent show) presents the epic life story of the farmworker in America. Told through the struggles, frustrations and ultimate victory of a single Chicano, the Rasquachi saga (working-class, underdog) comes alive in corridos (Mexica ballads) that tell of lifes tragedies with an ironic, rollicking earthy good humor. The story follows Jesus Pelado Rasquachi, leaving his own mother and brother in Mexico as he heads for the United States, in hopes of getting rich as a bracero. Misfortune and fate, however, stalks his every footstep, in the guise of El Diablo and La Calavera. Tricked and betrayed at every turn, Jesus Pelado becomes a pathetic comic figure in the hands of the growers, contractors, bar owners, and social workers, and ultimately, the undertaker.
=540  \\$aThere are copyright restrictions on this collection. For more information, go to the online version of this video.
=650  \0$aTent shows.
=650  \0$aMexican Americans$vDrama.
=651  \0$aMexican-American Border Region$vDrama.
=650  \0$aAgricultural laborers$vDrama.
=653  \\$aCarpa
=653  \\$aRasquache
=653  \\$aUnited States-Mexico border issues
=653  \\$aChicano theater
=655  \7$aPerformance.$2nyu-hidvl
=655  \7$aTheater.$2nyu-hidvl
=655  \7$aChicano theater.$2nyu-hidvl
=655  \7$aCarpa.$2nyu-hidvl
=700  1\$aValdez, Anahuac.$4pro
=700  1\$aValdez, Kinan.$4drt
=700  1\$aValdez, Lakin.$4drt
=700  1\$aValdez, Luis.$4aut
=710  2\$aTeatro Campesino (Organization)
=710  2\$aHemispheric Institute Digital Video Library.
=830  \3$aEl Teatro Campesino collection.
=856  40$uhttp://hdl.handle.net/2333.1/wh70rz7x
=853  00$81$apt.
=863  50$81.1$a1$p31142045977314
=863  50$81.2$a2$p31142045979237
=954  \\$81$aVolumes

