=LDR  03893cgm a2200601 a 4500
=001  000539664
=003  NNU
=004  NYUb13530776
=005  20090409123135.0
=006  m\\\\\\\\z\\\\\\\\
=007  vd\cvaizu
=007  vf\ciahou
=007  cr\cna
=007  cr\|||||||||||
=008  070508s2001\\\\cau034\\\\\\\\\\\\vleng\d
=024  7\$aHI2007_075_01$2nyu-hidvl
=024  7\$aHI2007.075_01$2nyu-hidvl
=035  \\$a(NYU)NYUb13530776
=040  \\$aNNU$cNNU$eamim
=245  00$a4 agitators$h[videorecording]
=246  3\$aFour agitators
=260  \\$c2001.
=300  \\$a1 videocassette of 1 (Digital Betacam) (34 min.) :$bsd., col. ;$c1/2 in.$3master.
=300  \\$a1 videodisc of 1 (DVD) (34 min.) :$bsd., col. ;$c4 3/4 in.$3viewing copy.
=490  1\$aEl Teatro Campesino collection
=530  \\$aAlso available online as streaming video.
=500  \\$aTitle supplied by Hemispheric Institute.
=500  \\$aPart of the Hemispheric Institute Digital Video Library.
=534  \\$pMedia source original:$e1 videocassette of 1 (Mini DV) : sd., col. ; 1/4 in. SP.$mPanasonic DVM60.
=518  \\$aPerformed in San Juan Bautista, California, in 2001.
=508  \\$aEl Teatro Campesino, producer ; Kinan Valdez, director ; Bertolt Brecht, writer ; Ruben C. Gonzalez, Lakin Valdez, adaptation ; Mino Valdez, music.
=511  1\$aLakin Valdez, Anahuac Valdez, Ruben Gonzalez, Kati Valdez.
=520  \\$aFounded in 1965 by Luis Valdez, El Teatro Campesino was initially the cultural wing of the United Farm Workers union in California's central valley. With a pointed political mission, ETC performed their actos in the fields, agitprop improvisations communicated eloquently with the workers, who could neither read nor write, but recognized themselves and their values in the actos. By 1970 ETC had gained an international reputation, with major contributions to Chicano culture in the U.S. and to the development and expansion of the boundaries of theater everywhere. Theirs is a popular theater rooted in the American streets, early California history, Mayan/Aztec mythology and Mexican folklore and spiritualism, all geared toward expression of social, political and cultural perceptions. Valdez believes in a total theaterone where an elevation of sensation is achieved through a trinity of music, dance and drama to stimulate a New American Audience, a celebration of cultural diversity. This video documents ETCs play 4 Agitators. Adapted from Bertolt Brechts 'Measures Taken', '4 Agitators' follows four 'camaradas' through their trial where they explain the killing of a young comrade, whose fervor takes precedent over his understanding of true revolution. This ETC production is true to Brechts structure, but was renamed to appeal to modern political agitators. Adapted by Ruben Gonzalez and Lakin Valdez, the translation was updated by Kinan Valdez, with new songs written by Mino Valdez.
=540  \\$aThere are copyright restrictions on this collection. For more information, go to the online version of this video.
=600  10$aBrecht, Bertolt,$d1898-1956.$tMassnahme.
=653  \\$aPolitical theater
=653  \\$aChicano theater
=655  \7$aPerformances (entertainment events).$2aat
=655  \7$aPerformance art.$2aat
=655  \7$aTheater (discipline).$2aat
=700  1\$aValdez, Kinan.$4drt
=700  1\$aBrecht, Bertolt,$d1898-1956.$tMassnahme.
=700  1\$aGonzalez, Ruben C.$4adp
=700  1\$aValdez, Lakin.$4adp
=710  2\$aTeatro Campesino (Organization)
=710  2\$aHemispheric Institute Digital Video Library.
=740  0\$aMeasures taken.
=830  \3$aEl Teatro Campesino collection.
=856  40$uhttp://hdl.handle.net/2333.1/sqv9s4zm

