=LDR  04553cgm a2200649 a 4500
=001  000540616
=003  NNU
=004  NYUb13531806
=005  20090409123238.0
=006  m\\\\\\\\z\\\\\\\\
=007  vd\cvaizu
=007  vf\ciahou
=007  cr\cna
=007  cr\|||||||||||
=008  070904s2001\\\\cau017\\\\\\\\\\\\vleng\d
=024  7\$aHI2007_108_01$2nyu-hidvl
=024  7\$aHI2007.108_01$2nyu-hidvl
=035  \\$a(NYU)NYUb13531806
=040  \\$aNNU$cNNU$eamim
=043  \\$an-us-ca
=245  00$aPower to the people$h[videorecording]
=246  30$aPG & E action
=260  \\$c2001 Feb.
=300  \\$3master.$a1 videocassette of 1 (Digital Betacam) (17 min.) :$bsd., col. ;$c1/2 in.
=300  \\$3viewing copy.$a1 videodisc of 1 (DVD) (17 min.) :$bsd., col. ;$c4 3/4 in.
=490  1\$aEl Teatro Campesino collection
=530  \\$aAlso available online as streaming video.
=500  \\$aTitle supplied by Hemispheric Institute.
=500  \\$aPart of the Hemispheric Institute Digital Video Library.
=534  \\$pMedia source original:$e1 videocassette of 1 (VHS) : sd., col. ; 1/2 in. SP.$mQ T-60.
=518  \\$aPerformed at The Women's Building, San Francisco, California, in Feb. 2001.
=508  \\$aEl Teatro Campesino, producer ; Kinan Valdez, director ; Lakin Valdez, Kinan Valdez, Ruben Gonzalez, writers ; Mino Valdez, music.
=511  1\$aRuben Gonzalez, Anahuac Valdez, Kati Valdez, Lakin Valdez, Primavera Valdez, David Alvarez.
=520  \\$aFounded in 1965 by Luis Valdez, El Teatro Campesino was initially the cultural wing of the United Farm Workers union in California's central valley. With a pointed political mission, ETC performed their actos in the fields, agitprop improvisations communicated eloquently with the workers, who could neither read nor write, but recognized themselves and their values in the actos. By 1970 ETC had gained an international reputation, with major contributions to Chicano culture in the U.S. and to the development and expansion of the boundaries of theater everywhere. Theirs is a popular theater rooted in the American streets, early California history, Mayan/Aztec mythology and Mexican folklore and spiritualism, all geared toward expression of social, political and cultural perceptions. Power to the People was created in 2001 by Lakin Valdez, Kinan Valdez and Ruben Gonzalez. The play is a response to the incidents involving Enron, PG&E and California Governor Gray Davis in 2001, in which a false power crisis created by Enron (who had recently begun to sell power to PG&E) resulted in increased power bills and rolling blackouts for California residents. It was later discovered that there was no power crisis, and California residents felt that Governor Davis had responded poorly to the situationthis and other circumstances led to the historic recall election when Governor Davis lost to Governor Arnold Schwarzenegger. The creators of the piece wanted to re-examine the historical roots of the Deregulation Bill of 1996. The aesthetic of the Power to the People follows the original ETC style of actos, which the group originally used in the fields during the farmworkers' strikes in Delano, California during the 1960s. This acto was performed up and down California, in collaboration with the Power to the People Coalition. This is a good representation of the future generation of El Teatro Campesino while simultaneously representing ETCs past.
=540  \\$aThere are copyright restrictions on this collection. For more information, go to the online version of this video.
=600  10$aDavis, Gray,$d1942-
=610  20$aPacific Gas and Electric Company.
=650  \0$aElectric power$zCalifornia$vDrama.
=650  \0$aElectric power$xPolitical aspects$zCalifornia$vDrama.
=653  \\$aCalifornia electricity crisis
=653  \\$aPolitical theater
=653  \\$aChicano theater
=653  \\$aActo
=655  \7$aPerformances (entertainment events).$2aat
=655  \7$aPerformance art.$2aat
=655  \7$aTheater (discipline).$2aat
=700  1\$aValdez, Kinan.$4drt$4aut
=700  1\$aValdez, Lakin.$4aut$4prf
=700  1\$aGonzález, Rubén.$4aut
=710  2\$aTeatro Campesino (Organization)
=710  2\$aHemispheric Institute Digital Video Library.
=830  \3$aEL Teatro Campesino collection.
=856  40$uhttp://hdl.handle.net/2333.1/bk3j9knp

