=LDR  04374ngm a2200625 a 4500
=001  000540627
=003  NNU
=004  NYUb13531820
=005  20090409123229.0
=006  m\\\\\\\\z\\\\\\\\
=007  vd\cvaizu
=007  vf\ciahou
=007  cr\cna
=007  cr\|||||||||||
=008  070904s2001\\\\mx\015\\\\\\\\\\\\vleng\d
=024  7\$aHI2007_109_01$2nyu-hidvl
=024  7\$aHI2007.109_01$2nyu-hidvl
=040  \\$aNNU$cNNU$eamim
=043  \\$an-us---$an-mx---
=245  00$aSolidarity por vida$h[videorecording]
=260  \\$c2001 Apr.
=300  \\$a1 videocassette of 1 (Digital Betacam) (15 min.) :$bsd., col. ;$c1/2 in.$3master.
=300  \\$a1 videodisc of 1 (DVD) 15 min.) :$bsd., col. ;$c4 3/4 in.$3viewing copy.
=490  1\$aEl Teatro Campesino collection
=530  \\$aAlso available online as streaming video.
=500  \\$aTitle supplied by Hemispheric Institute.
=500  \\$aPart of the Hemispheric Institute Digital Video Library.
=534  \\$pMedia source original:$e1 videocassette of 1 (VHS) : sd., col. ; 1/2 in. SP.$mT-60 SL.
=518  \\$aPerformed in San Isidro, Mexico (on the border of San Diego, CA) in Apr. 2001.
=508  \\$aEl Teatro Campesino, producer ; Kinan Valdez, director, writer ; Luis Juarez, writer ; Mino Valdez, music.
=511  1\$aGustavo Manrique, Mary Mendoza, Jeremiah Martinez, Luis Juares, Kati Valdez, Anahuac Valdez, Lakin Valdez, Kinan Valdez, Ralfas.
=520  \\$aFounded in 1965 by Luis Valdez, El Teatro Campesino was initially the cultural wing of the United Farm Workers union in California's central valley. With a pointed political mission, ETC performed their actos in the fields, agitprop improvisations communicated eloquently with the workers, who could neither read nor write, but recognized themselves and their values in the actos. By 1970 ETC had gained an international reputation, with major contributions to Chicano culture in the U.S. and to the development and expansion of the boundaries of theater everywhere. Theirs is a popular theater rooted in the American streets, early California history, Mayan/Aztec mythology and Mexican folklore and spiritualism, all geared toward expression of social, political and cultural perceptions. This video documents their piece Solidarity por Vida. Like Power to the People, this piece takes after the original ETC tradition of performing actos in the fields of Delano, California during the farmworkers strikes during the 1960s. It represents ETCs newer generations interpretation of the acto style and was created through the structured writing of Kinan Valdez and Luis Juarez in addition to improvisational methods involving the cast. Solidarity por Vida deals with issues of migration, border crossing and the militarization of the Mexican-American border (particularly in Arizona) during the beginning of 2001. The plays theme would prove to be prophetic, having been written before the issue garnered major media attention in 2006. This production was performed outdoors in San Isidro, Mexico on the border of San Diego, California in April 2001, in the context of a day-long program of political performance that brought together multiple performance groups including ETC.
=540  \\$aThere are copyright restrictions on this collection. For more information, go to the online version of this video.
=650  \0$aMexican American theater.
=651  \0$aMexican-American Border Region$vDrama.
=650  \0$aBorder crossing$zUnited States$vDrama.
=650  \0$aBorder crossing$zMexico$vDrama.
=651  \0$aUnited States$xEmigration and immigration$xGovernment policy$vDrama.
=651  \0$aMexico$xEmigration and immigration$vDrama.
=653  \\$aPolitical theater
=653  \\$aChicano theater
=653  \\$aActo
=655  \7$aPerformances (entertainment events).$2aat
=655  \7$aPerformance art.$2aat
=655  \7$aTheater (discipline).$2aat
=700  1\$aValdez, Kinan.$4drt$4aut
=700  1\$aJuarez, Luis.$4aut
=710  2\$aTeatro Campesino (Organization)
=710  2\$aHemispheric Institute Digital Video Library.
=830  \3$aEl Teatro Campesino collection.
=856  40$uhttp://hdl.handle.net/2333.1/6t1g1k4j

