=LDR  06012cga a2200721 a 4500
=001  000033303
=003  NNU
=004  NYUb13605730
=005  20080417161222.0
=006  m\\\\\\\\z\\\\\\\\
=007  vd\cvaizu
=007  vf\ciahou
=007  cr\cna
=007  cr\|||||||||||
=008  080417e20010628nyu053\\\\\\\\\\\\vlspa\d
=024  7\$aHI2007_206_01$2nyu-hidvl
=024  7\$aHI2007_207_01$2nyu-hidvl
=024  7\$aHI2007.206_01$2nyu-hidvl
=035  \\$a(NYU)NYUb13605730
=040  \\$aNNU$cNNU$eamim
=041  0\$aspa
=043  \\$as-ec---
=245  00$aNuestra señora de las nubes$h[videorecording].
=246  3\$aNuestra señora de las nubes (segundo ejercicio sobre el exilio)
=260  \\$c2001 June 28.
=300  \\$3master.$a2 videocassettes of 2 (Digital Betacam) (86 min.) :$bsd., col. ;$c1/2 in.
=300  \\$3viewing copy.$a2 videodiscs of 2 (DVD) (86 min. : pt.1, 53 min. ; pt.2, 33 min.) :$bsd., col. ;$c4 3/4 in.
=490  1\$aMalayerba collection
=530  \\$aAlso available online as streaming video.
=546  \\$aIn Spanish.
=500  \\$aTitle supplied by Hemispheric Institute.
=500  \\$aPart of the Hemispheric Institute Digital Video Library.
=534  \\$pMedia source original:$e2 videocassettes of 2 (Mini DV) : sd., col. ; 1/4 in. SP.$mPanasonic DVM60.
=518  \\$aPerformed as part of the Hispanic Theatre Festival in New York City, on June 28, 2001.
=508  \\$aGrupo de Teatro Malayerba, producer ; Arístides Vargas, writer, director ; Paulina Tapia, Daysi Sanchez, Randi Krarup, producers ; José Rosales, Valentina Pacheco, costumes & props ; Alberto Caleris, music ; E. Villacís (El Vicho) & Surreal, graphic design.
=511  1\$aMaría del Rosario 'Charo' Francés, Arístides Vargas.
=520  \\$a'Nuestra Señora de las Nubes' (subtitled as an 'exercise on exile') tells the story of the encounters of two political exiles, Oscar and Bruna, who meet in a nondescript place and time to share memories of their homeland, an ethereal, fictional town called Nuestra Señora de las Nubes (Our Lady of the Clouds). Constantly alternating between present realities and past memories, and with two pieces of luggage as sole belongings, the characters share anecdotes of their experience as exiles, their dreams, needs, frustrations, desires, loves, oblivions and memories. A town that only exists in the memory of expatriates, Nuestra Señora maps the experience of diaspora as an existential condition of permanent uprootedness, in this case inspired by the history of Latin American exile. Exile, in this work, becomes not only the physical loss of one's homeland, but the erosion of one's ability to remain inside one's own memories. Memory as a sort of joint venture, then, allows for the construction of a new territory to belong to, a new homeland of affect where to survive, yearn and remember. The Grupo de Teatro Malayerba (teatromalayerba.org) was founded in Quito in 1979 by Arístides Vargas, Susana Pautasso and María del Rosario 'Charo' Francés, immigrant actors originally from Argentina and Spain. From the start, Malayerba included actors with various backgrounds and nationalities, invested in the exploration of the rich cultural diversity and complex history of Ecuador, as well as issues of migration, exile, political violence and individual and collective memory. With over 25 years of ongoing theater practice and more than 20 plays performed locally and internationally for a diverse audience, Malayerba is committed to theater pedagogy and experimentation, artistic collaboration, and community building. They have represented Ecuador in national and international theater festivals; they have also collaborated with theater groups within Ecuador and in other countries, and performed for both film and television, while engaging in community work in Quito. In 1989 the group created the Laboratorio Malayerba, committed to the training of generations of young Ecuadorian actors and to an ongoing investigation of theories and practices of experimental theater. In 2001 Malayerba launched the theater journal 'Hoja de Teatro,' conceived as a forum for the theorization, criticism and dissemination of Ecuadorian theater practices. The group also runs a theater house, the Casa Malayerba, which houses the Laboratory as well as a theater with seating capacity for seventy people. Malayerba approaches theater making as an artistic, ethical and technical realm where to engage in meaningful creative experiences through which to understand, assume and confront current sociopolitical processes. In working together, actors with various backgrounds and nationalities have shown that a multicultural blend is not only possible but also enriching, as differences lead to new identities, embodiments of dreams, memories, absences and pains that are at once local and universal.
=540  \\$aThere are copyright restrictions on this collection. For more information, go to the online version of this video.
=650  \0$aExiles.
=650  \0$aTheater$zEcuador.
=650  \0$aExperimental theater$zEcuador.
=653  \\$aLatin American theater
=655  \7$aPerformance.$2nyu-hidvl
=655  \7$aTheater.$2nyu-hidvl
=655  \7$aExperimental theater.$2nyu-hidvl
=655  \7$aEcuadorian theater.$2nyu-hidvl
=655  \7$aLatin American theater.$2nyu-hidvl
=700  1\$aVargas, Arístides,$d1954-$4aut$4drt$4prf
=700  1\$aTapia, Paulina.$4pro
=700  1\$aSanchez, Daysi.$4pro
=700  1\$aKrarup, Randi.$4pro
=710  2\$aGrupo de Teatro Malayerba.$4pro
=710  2\$aHemispheric Institute Digital Video Library.
=830  \0$aMalayerba collection
=856  40$uhttp://hdl.handle.net/2333.1/70rxwdj2
=853  00$81$apt.
=863  50$81.1$a1$p31142047202901
=863  50$81.2$a2$p31142047202919
=954  \\$81$aVolumes

