=LDR  03834cgm a22006975a 4500
=001  001000766
=003  NNU
=004  NYUb12816588
=005  20090409155702.0
=006  m\\\\\\\\z\\\\\\\\
=007  vd|czaizu
=007  vf|ciahou
=007  vd
=007  cr\|||||||||||
=008  031013e200107uumx\060\\\\\\\\\\\\vlspa\d
=024  7\$aHI2003_031_01$2nyu-hidvl
=024  7\$aHI2003.031_01$2nyu-hidvl
=035  \\$a(NYU)NYUb12816588
=040  \\$aNNU$cNNU$eamim
=041  0\$aspa
=042  \\$an-mx---
=043  \\$an-mx---
=245  00$aPerformance by Tito Vasconcelos$h[videorecording] :$bMartita, Primera Dama and others.
=246  30$aMartita, Primera Dama
=260  \\$c2001 July.
=300  \\$3viewing copy.$a1 videodisc of 1 (DVD) (60 min.) :$bsd., col. ;$c4 3/4 in.
=300  \\$3master.$a1 videocassette of 1 (Digital Betacam) (60 min.) :$bsd., col. ;$c1/2 in.
=530  \\$aAlso available online as streaming video.
=546  \\$aIn Spanish.
=500  \\$aTitle supplied by Hemispheric Institute.
=500  \\$aPart of the Hemispheric Institute Digital Video Library.
=534  \\$pMedia source original :$e1 videocassette of 1 (Mini DV) : sd., col. ; 1/4 in.$mPanasonic MiniDV.
=518  \\$aPerformed in Monterrey, Mexico, in July 2001, as part of the Second Annual Hemispheric Institute Seminar entitled Memory, Atrocity and Resistance.
=508  \\$aHemispheric Institute of Performance and Politics, producer ; Tito Vasconcelos, creator; Nadia Baram, videographer.
=511  1\$aTito Vasconcelos, protagonist.
=520  \\$aVideo documentation of Tito Vasconcelos' solo performance presented during the 2nd Encuentro of the Hemispheric Institute of Performance and Politics, celebrated in June of 2001 in Monterrey, Mexico under the title 'Memory, Atrocity and Resistance'. A parody of Mexican politics and a queering of the Mexican political landscape, in this performance, Vasconcelos is in 'drag' as Martita, President Vicente Fox's then partner, on her way to become First Lady of Mexico. Tito Vasconcelos is Professor of Theatre at the National University of Mexico (UNAM). His film credits include María Novaro's 'Danzón', and Jaime Humberto Hermosillo's 'Esmeralda Comes at Night' (English) and 'De noche vienes'. Vasconcelos' theatre credits include an extensive work with Jesusa Rodríguez and Liliana Felipe at Teatro El Hábito and his own Cabaret-Tito. He also hosted a weekly radio program on gay and lesbian issues for the Mexican Ministry of Education for seven years.
=540  \\$aThere are copyright restrictions on this collection. For more information, go to the online version of this video.
=600  10$aSahagún, Marta,$d1953-$vDrama.
=650  \0$aPresidents$zMexico.
=650  \0$aParody in art.
=650  \0$aPolitical satire, Mexican.
=650  \0$aPerformance art$xPolitical aspects$zMexico.
=650  \0$aPolitics, Practical$zMexico.
=653  \\$aPolitical performance Mexico
=653  \\$aQueer performance
=655  \7$aPerformance.$2nyu-hidvl
=655  \7$aCabaret.$2nyu-hidvl
=655  \7$aOne-person show (Performing arts)$2nyu-hidvl
=655  \7$aDrag performance.$2nyu-hidvl
=655  \7$aQueer performance.$2nyu-hidvl
=655  \7$aPolitical performance.$2nyu-hidvl
=700  1\$aVasconcelos, Tito.$4cre$4prf
=700  1\$aBaram, Nadia.$4vdg
=710  2\$aHemispheric Institute of Performance and Politics.$4pro
=710  2\$aHemispheric Institute Digital Video Library.
=711  2\$aHemispheric Institute Encuentro$n(2nd :$d2001 :$cMonterrey, Mexico).$tMemory, atrocity and resistance.
=856  40$uhttp://hdl.handle.net/2333.1/tb2rbp5t

