=LDR  03397cgm a22006375a 4500
=001  001010730
=003  NNU
=004  NYUb12827294
=005  20090409155655.0
=006  m\\\\\\\\z\\\\\\\\
=007  vd|cvaizu
=007  vf|ciahou
=007  vd|cvadzu
=007  cr\|||||||||||
=008  031013e200107uumx\030\\\\\\\\\\\\vlspa\d
=024  7\$aHI2003_030_01$2nyu-hidvl
=024  7\$aHI2003.030_01$2nyu-hidvl
=040  \\$aNNU$cNNU$eamim
=041  0\$aspa
=043  \\$an-mx---
=245  00$aInterview with Tito Vasconcelos$h[videorecording].
=246  30$aTito Vasconcelos
=260  \\$c2001 July.
=300  \\$3viewing copy.$a1 videodisc of 1 (DVD) (30 min.) :$bsd., col. ;$c4 3/4 in.
=300  \\$3master.$a1 videocassette of 1 (Digital Betacam) (30 min.) :$bsd., col. ;$c1/2 in.
=530  \\$aAlso available online as streaming video.
=546  \\$aIn Spanish.
=500  \\$aTitle supplied by Hemispheric Institute.
=500  \\$aPart of the Hemispheric Institute Digital Video Library.
=534  \\$pMedia source original :$e1 videocassette of 1 (Mini DV) : sd., col. ; 1/4 in.$mPanasonic MiniDV.
=518  \\$aInterviewed in Monterrey, Mexico, in July 2001, as part of the Second Annual Hemispheric Institute Seminar entitled Memory, Atrocity and Resistance.
=508  \\$aHemispheric Institute of Performance and Politics, producer ; Nadia Baram, videographer.
=511  0\$aTito Vasconcelos, interviewee ; Antonio Prieto Stambaugh, interviewer.
=520  \\$aInterview with Tito Vasconcelos conducted by Antonio Prieto Stambaugh during the 2nd Encuentro of the Hemispheric Institute of Performance and Politics, celebrated in June of 2001 in Monterrey, Mexico under the title 'Memory, Atrocity and Resistance'. Tito Vasconcelos is Professor of Theatre at the National University of Mexico (UNAM). His film credits include María Novaro's 'Danzón', and Jaime Humberto Hermosillo's 'Esmeralda Comes at Night' (English) and 'De noche vienes'. Vasconcelos' theatre credits include an extensive work with Jesusa Rodríguez and Liliana Felipe at Teatro El Hábito and his own Cabaret-Tito. Vasconcelos also hosted a weekly radio program on gay and lesbian issues for the Mexican Ministry of Education for seven years.
=540  \\$aThere are copyright restrictions on this collection. For more information, go to the online version of this video.
=600  10$aVasconcelos, Tito$vInterviews.
=650  \0$aActors$zMexico$vInterviews.
=650  \0$aGay rights$zMexico.
=650  \0$aGays$xPolitical activity.
=650  \0$aPerformance art$xPolitical aspects$zMexico.
=650  \0$aPolitics, Practical$zMexico.
=653  \\$aPolitical performance Mexico
=653  \\$aQueer performance
=655  \7$aInterview.$2nyu-hidvl
=700  1\$aVasconcelos, Tito.$4ive
=700  1\$aPrieto Stambaugh, Antonio.$4ivr
=700  1\$aBaram, Nadia.$4vdg
=710  2\$aHemispheric Institute of Performance and Politics.$4pro
=710  2\$aHemispheric Institute Digital Video Library.
=711  2\$aHemispheric Institute Encuentro$n(2nd :$d2001 :$cMonterrey, Mexico).$tMemory, atrocity and resistance.
=856  40$uhttp://hdl.handle.net/2333.1/0vt4b8j0

