=LDR  05048cgm  2200673 a 4500
=001  000563600
=003  NNU
=004  NYUb13556652
=005  20140421142608.0
=006  m\\\\\\\\z\\\\\\\\
=007  vd\cvaizu
=007  vf\ciahou
=007  cr\cna
=007  \\vd
=007  cr\|||||||||||
=008  071121e20010317nyu121\\\\\\\\\\\\vleng\d
=024  7\$aHI2005_044_A_01$2nyu-hidvl
=024  7\$aHI2005_044_B_01$2nyu-hidvl
=024  7\$aHI2005.044_01_A$2nyu-hidvl
=035  \\$a(NYU)NYUb13556652
=040  \\$aNNU$cNNU$eamim
=043  \\$an-us---
=245  00$aDr. Robert Venables' lecture on Indian land claims$h[videorecording]
=260  \\$c2001 Mar. 17.
=300  \\$a2 videocassettes of 2 (Digital Betacam) (124 min.) :$bsd., col. ;$c1/2 in.$3master.
=300  \\$a2 videodiscs of 2 (DVD) (124 min. : pt.A, 90 min. ; pt.B, 34 min.) :$bsd., col. ;$c4 3/4 in.$3viewing copy.
=490  1\$aAmerican Indian Community House collection
=530  \\$aAlso available online as streaming video.
=500  \\$aTitle supplied by Hemispheric Institute.
=500  \\$aPart of the Hemispheric Institute Digital Video Library.
=534  \\$pMedia source original:$e1 videocassette of 1 (VHS) : analog sd., col. ; 1/2 in.
=518  \\$aHeld at The American Indian Community House, New York City, on Mar. 17, 2001.
=508  \\$aAmerican Indian Community House, producer ; Robert Venables, creator.
=511  0\$aRobert Venables, lecturer.
=520  \\$aHistorian, Dr. Robert Venables is professor and Director of American Indian Studies at Cornell University and a well respected member of the New York Native community. Dr. Venables' lecture discusses the cultural differences between European and Indian concepts of land and land ownership. These differences, coupled with the illegal and unjust taking of Indian land have over the years led to many Indian land claims against the United States government. In 1946 Congress created the Indian Land Claims Commission to adjudicate the overwhelming number of cases Indians had filed and were continuing to file. By the time the commission expired thirty-three years later more than a half billion dollars had been awarded. Nevertheless many cases remain pending and many others have yet to be filed. Dr. Venables explains this complicated history and examines both the historical and contemporary issues and the legal relationship between the tribes and U.S. government. 
=520  \\$aAlthough the primary focus is on the Haudenausaunee (Iroquois) his talk includes issues concerning all tribes specifically, citizenship, Indian-to-Indian relationships, and the government's relationship with the tribes today. The American Indian Community House (AICH) is an urban Indian center that services the needs of the Native people living in New York City and welcomes Native visitors to the city. AICH was founded in 1969 and has become a de facto neighborhood serving as a meeting place for the diverse Native community of the New York City area. The Community House offers a variety of services ranging from substance abuse and HIV counseling, to career assistance. It is also home to the only Indian owned and operated art gallery in New York City. The AICHs Performing Arts Department has become an important resource for Native visual and performance artists.   
=520  \\$aThrough its programming, performance has become an important educational vehicle, both for the Native and non-Native NY community. The Badger's Corner, initiated in the 1980s, is an education-via-entertainment vehicle for the AICHs visual and performing arts department programs. Taking its name from the Pueblo legend of the four-legged creature who led the Pueblo people out of the underworld after the great flood, the intent of its programming is to inform and challenge people to rethink their concept(s) of Native American people and customs. All performances at AICH are presented under the auspices of the Badgers Corner.  
=540  \\$aThere are copyright restrictions on this collection. For more information, go to the online version of this video.
=650  \0$aIndians.
=650  \0$aIndians$xLand tenure.
=650  \0$aReclamation of land$zUnited States.
=650  \0$aReclamation of land$xLaw and legislation$zUnited States.
=650  \0$aIndians$xLegal status, laws, etc.
=653  \\$aIndian Land Claims Commission
=653  \\$aNative Americans and the law
=655  \7$aLecture.$2nyu-hidvl
=700  1\$aVenables, Robert.$4cre$4spk
=710  2\$aAmerican Indian Community House (New York, N.Y.)$4pro
=710  2\$aHemispheric Institute Digital Video Library.
=830  \0$aAmerican Indian Community House collection.
=853  00$81$apt.
=863  50$81.1$aA$p31142046122720
=863  50$81.2$aB$p31142046122761
=856  40$uhttp://hdl.handle.net/2333.1/66t1g1tn
=954  \\$81$aVolumes

