=LDR  04175ngm a2200481   4500
=001  004094006
=005  20160303105510.0
=006  m\\\\\\\\c\\\\\\\\
=007  cr\cna|||m|||a
=007  cr\|||||||||||
=008  150118e200106uumx\036\\\\\\\\s\\\vlspa\d
=024  7\$aHI2013_049_01$2nyu-hidvl
=040  \\$aNNU$beng$cNNU
=041  0\$aspa
=043  \\$as-ag---$acl-----
=245  00$aEDEMA performance$h[videorecording] /$cHemispheric Institute of Performance and Politics, producer ; EDEMA (Ema Villanueva and Eduardo Flores), creator.
=246  3\$aEl silencio es cómplice de la ausencia
=246  3\$aSilence is complicit of absence
=260  \\$c2001 June.
=300  \\$3viewing copy.$astreaming video (35 min., 24 sec.) :$bsd., col.
=500  \\$aPart of the Hemispheric Institute Digital Video Library.
=500  \\$aTitle supplied by the Hemispheric Institute.
=508  \\$aEma Villanueva and Eduardo Flores, creators.
=511  0\$aAntonio Prieto S., presenter ; Carlos Ezequiel Monteros (H.I.J.O.S.) and Pilar Medina (group Contraseña, Monterrey), collaborators.
=518  \\$aPerformed in Monterrey, Mexico, in June 2001 as part of the 2nd Encuentro of the Hemispheric Institute of Performance and Politics, titled Memory, Atrocity and Resistance.
=520  \\$aThis is a video documentation of a performance by EDEMA in collaboration with Carlos Ezequiel Monteros (H.I.J.O.S.) and Pilar Medina (group Contraseña, Monterrey), presented at the second Hemispheric Institute Encuentro in Monterrey, Mexico, in 2001. They got together to expand alliances with groups that work on similar topics: the disappeared people during dictatorships, and the necessity to denounce impunity. EDEMA unveils the trauma of disappeared bodies through the striking the materiality of a body on stage. Sensorial stimuli accompany the bodily presence: sound, noise, percussion, fire, dance are mingled with pictures, videos, and pictures of the disappeared. With this performance, EDEMA points out that forced disappearance is a crime related not only to Latin American dictatorships, but also to democratic governments’ responsibilities: ‘el silencio es cómplice de la ausencia’ (silence is complicit of absence).
=520  \\$aVisual and performance artist Ema Villanueva (1975, Mexico City) performs in the streets as well as in established cultural spaces of Mexico. Her at times controversial performance projects, mostly done in collaboration with Eduardo Flores (collective name, EDEMA) include: Todo se vale (strip-tease político) (Escuela Nacional de Pintura, Escultura y Grabado ‘La Esmeralda’ 1999); Pasionaria, caminata por la dignidad, street intervention, 2000); Ausencia (Ninth Performance Festival of Ex Teresa, 2000, the Red de Derechos Humanos a Todos Para Todos, and the Hemispheric Institute of Performance and Politics of the Americas, 2001); Orgullosamente UNAM (Department of Political and Social Sciences of the UNAM, 2001). Villanueva has participated in several round tables and conferences in art schools around Mexico City. Her work has been reviewed in major newspapers such as Reforma, La Jornada and Milenio, and discussed in academic papers and conference presentations.
=534  \\$pMedia source original:$e1 videocassette (Mini DV) : sd., col. ; 1/4 in. SP.$mSONY 60
=540  \\$aThere are copyright restrictions on this collection. For more information, go to the online version of this video.
=546  \\$aIn Spanish.
=650  \0$aDisappeared persons$zArgentina.
=650  \0$aDisappeared persons$zLatin America.
=650  \0$aImpunity$zArgentina.
=653  \\$aBody politics.
=655  \7$aPerformance.$2nyu-hidvl
=700  1\$aVillanueva, Ema,$d1975-$4cre
=700  1\$aFlores Castillo, Eduardo,$d1971-$4cre
=710  2\$aEDEMA (Performance group)$4cre
=710  2\$aHemispheric Institute of Performance and Politics.$4pro
=710  2\$aHemispheric Institute Digital Video Library.
=711  2\$aHemispheric Institute Encuentro$n(2nd :$d2001 :$cMonterrey, Mexico).$tMemory, atrocity and resistance.
=856  40$uhttp://hdl.handle.net/2333.1/fqz614ww

