=LDR  03786cgm a2200457 a 4500
=001  003807592
=005  20140421221905.0
=006  m\\\\\\\\c\\\\\\\\
=007  cr\cna|||m|||a
=007  cr\|||||||||||
=008  130822s2001\\\\mau035\\\\\\\\s\\\vleng\d
=024  7\$aHI2012_039_01$2nyu-hidvl
=040  \\$aNNU$beng$cNNU
=041  0\$aeng
=245  00$aI was born with 2 tongues$h[videorecording] /$cNew WORLD Theater, producer.
=246  3\$aNew WORLD Theater rehearsal residency
=260  \\$c2001.
=300  \\$3viewing copy.$astreaming video (34 min., 47 sec.) :$bsd., col.
=490  1\$aNew WORLD Theater collection
=546  \\$aIn English.
=500  \\$aTitle supplied by Hemispheric Institute.
=500  \\$aPart of the Hemispheric Institute Digital Video Library.
=518  \\$aPerformed in the Bowker Auditorium at the University of Massachusetts, Amherst, in 2001.
=520  \\$a‘I Was Born With 2 Tongues’ was created by the New WORLD Theater Residency, which brought young performers to explore their own artistic voice. In this rehearsal of a slam/spoken word performance, a group of talented young artists discusses the politics of trying to get roles as different body-typed people, and how racial identities might be a challenge. Moreover, their voices made us reflect upon the misogyny women face on a daily basis; family and cultural identity; immigration, race, and nationhood. Although all of them are difficult topics, the power of these voices, and the energy of the performers, offer a glimpse of hope. This video documentation features ‘In America’ by Dennis; ‘Letter to Our Unborn Children’ by Ensemble; ‘Not your Fetish’ by Emily and Anida; ‘Race and I’m Running’ by Dennis and Marlon;‘Morning Papers’ by Marlon; ‘Excuse Me America’ by Anida; ‘Lost and Found’ by Dennis; and ‘Loudmouth Woman’ by Emily.
=520  \\$aFrom 1979-2009, the New WORLD Theater worked at the intersection of artistic practice, community engagement, scholarship, and activism toward a vision of a ‘new world’ - one that broke the confines of multiculturalism and was an artistic harbinger of America’s shifting demographics. From a geographic ‘outpost’ in New England, New WORLD Theater evolved from a community organizing project and the Northeast point on a theater touring compass, to a protective studio to hone new work, a site of international intersections from South Africa to the South Bronx, and the home of inspired and rigorous collaborations with Western Massachusetts youth. New performance work development at New WORLD defied the conventional theater play lab as ghetto for artists of color; artists were met where they wanted to be in the imagining of new approaches, methods, and production. One of New WORLD Theater’s artistic legacies is Project 2050, an early call to imagine the U.S. demographic shift, with people of the future - youth, in equal collaboration with artists and scholars.
=534  \\$pMedia source original:$e1 videocassette of 1 (VHS) : sd., col. ; 1/2 in. SP.$mMaxell T-120 HG
=540  \\$aThere are copyright restrictions on this collection. For more information, go to the online version of this video.
=650  \0$aYouth$xEthnic identity.
=650  \0$aYouth$xAttitudes
=650  \0$aYouth$vCross-cultural studies.
=650  \0$aYouth in development.
=650  \0$aMulticulturalism.
=650  \0$aIdentity politics.
=650  \0$aPoetry slams.
=655  \7$aPerformance.$2nyu-hidvl
=655  \7$aSpoken word.$2nyu-hidvl
=710  2\$aNew WORLD Theater.$4pro
=710  2\$aHemispheric Institute Digital Video Library.
=830  \0$aNew WORLD Theater collection.
=856  40$uhttp://hdl.handle.net/2333.1/b2rbp1fx

