=LDR  03466ngm  2200433   4500
=001  004093974
=005  20150118172921.0
=006  m\\\\\\\\c\\\\\\\\
=007  cr\cna|||m|||a
=007  cr\|||||||||||
=008  150117s2001\\\\mau097\\\\\\\\s\\\vleng\d
=024  7\$aHI2013_010_01$2nyu-hidvl
=040  \\$aNNU$beng$cNNU
=041  0\$aeng
=245  00$aProject 2050$h[videorecording] :$bevening show /$cNew WORLD Theater, producer.
=260  \\$c2001.
=300  \\$3viewing copy.$astreaming video (96 min., 15 sec.) :$bsd., col.
=490  1\$aNew WORLD Theater Collection
=546  \\$aIn English.
=500  \\$aPart of the Hemispheric Institute Digital Video Library.
=500  \\$aTitle supplied by the Hemispheric Institute.
=518  \\$aPerformed at the University of Massachusetts, Amherst, in 2001.
=520  \\$aFrom 1979-2009, the New WORLD Theater worked at the intersection of artistic practice, community engagement, scholarship, and activism toward a vision of a 'new world' - one that broke the confines of multiculturalism and was an artistic harbinger of America's shifting demographics. From a geographic 'outpost' in New England, New WORLD Theater evolved from a community organizing project and the Northeast point on a theater touring compass, to a protective studio to hone new work, a site of international intersections from South Africa to the South Bronx, and the home of inspired and rigorous collaborations with Western Massachusetts youth. New performance work development at New WORLD defied the conventional theater play lab as ghetto for artists of color; artists were met where they wanted to be in the imagining of new approaches, methods, and production. One of New WORLD Theater's artistic legacies is Project 2050, an early call to imagine the U.S. demographic shift, with people of the future - youth, in equal collaboration with artists and scholars.
=520  \\$aProject 2050 youth theatre artists presented a series of short works throughout the program. Composed like vignettes, these youth performers present pieces about race, class, immigration, identity politics, and social issues. The youth theatre artists use an array of movement, beatboxing, spoken word, and song, to convey their individual and collective narratives. Racism, prisons, and nationalism are other themes explored in their works. The group works in-between collective struggles and individual stories about themselves. They bring to the stage the same configurations, conflicts, alliances, and acts of solidarity that populate our world. This inspiring evening of short works ends with a hip-hop and breakdance jam session with all youth theatre artists present on stage.
=534  \\$pMedia source original:$e1 videocassette (VHS) : sd., col. ; 1/2 in. SP.$mRCA T-120H
=540  \\$aThere are copyright restrictions on this collection. For more information, go to the online version of this video.
=650  \0$aPerforming arts and youth.
=650  \0$aPerforming arts$xSocial aspects
=650  \0$aSocial justice.
=650  \0$aYouth$xPolitical activity
=655  \7$aPerformance$2nyu-hidvl
=655  \7$aTheater$2nyu-hidvl
=655  \7$aDance$2nyu-hidvl
=655  \7$aMusic$2nyu-hidvl
=710  2\$aNew WORLD Theater.$4pro
=710  2\$aHemispheric Institute Digital Video Library.
=830  \0$aNew WORLD Theater Collection.
=856  40$uhttp://hdl.handle.net/2333.1/p8cz8zn0

