=LDR  05094cgm a2200661 a 4500
=001  000032020
=003  NNU
=004  000032020
=005  20100208144428.0
=006  m\\\\\\\\z\\\\\\\\
=007  vd\cvaizu
=007  vf\ciahou
=007  cr\cna|||||||a
=007  cr\|||||||||||
=007  vd\cvaizu
=008  080503s2002\\\\xx\054\\\\\\\\\\\\vlspa\d
=024  7\$aHI2007_235_01$2nyu-hidvl
=024  7\$aHI2007.235_01$2nyu-hidvl
=035  \\$a(NYU)NYUb13610630
=040  \\$aNNU$cNNU$eamim
=041  0\$aspa
=079  \\$a(OCoLC)227163671
=245  00$aHistoria de amor (últimos capítulos)$h[videorecording].
=246  3\$aLove story (last chapters)
=246  3\$aHistoire d'amour (derniers chapitres)
=260  \\$c2002.
=300  \\$3viewing copy.$a1 videodisc of 1 (DVD) (54 min.) :$bsd., col. ;$c4 3/4 in.
=300  \\$3master.$a1 videocassette of 1 (Digital Betacam) (54 min.) :$bsd., col. ;$c1/2 in.
=490  1\$aMapa Teatro : Laboratorio de Artistas collection
=530  \\$aAlso available online as streaming video.
=546  \\$aIn Spanish.
=500  \\$aTitle supplied by Hemispheric Institute.
=500  \\$aPart of the Hemispheric Institute Digital Video Library.
=534  \\$pMedia source original:$e1 videocassette of 1 (Mini DV) : sd., col. ; 1/4 in. SP.$mSony DVM60.
=518  \\$aPerformed in Bogotá, Colombia, in 2002.
=508  \\$aMapa Teatro, French Embassy, AFAA, producers ; Heidi Abderhalden, director ; Jean-Luc Lagarce, writer ; Leonardo Hincapié, Heidi Abderhalden, translation ; Mauricio Esguerra, Rolando Vargas, photography ; Rolando Vargas, video ; José Ignacio Rincón, staging ; Sergio Iragorri, recording ; Estudios V.U. Track, recording ; CD Systems, CD printing ; Carlos Benavides, music & sound design.
=511  1\$aGermán Núñez, voice talent ; María Adelaida Puerta, voice talent ; Pedro Miguel Rozo, voice talent ; Jaime Bedoya (international billiard champion), featured performer.
=520  \\$aThis 'radiophonic' play explores the relationship between three people, their desires, sense of loss and isolation. The play unravels as a journey of a man passing through a city, a journey of thoughts and words passing inside the man's head, the passing of a story that ebbs and flows, of history repeating itself, of sense lost and recovered. Voices, in their continuous expression and circulation, turn into the face of history and story, their sound turned fractured gestures. And both faces and gestures get shaped in the solitude of those who listen.The production is configured as a digital voice soundscape with a one-shot, aerial-view video of a billiard table in play (featuring international champion billiard player Jaime Bedoya). Streams of sound, words and disembodied voices evoke repetitions and pulses between memory, affect and influence, murmuring softly of a broken long term love affair, of war, intrigue and exile. One of the foremost artistic companies in Colombia, Mapa Teatro (www.mapateatro.org) has been producing theater, performance and art installation projects since 1984. Founders and directors, Rolf and Heidi Abderhalden have created a wide ranging repertoire of theater, opera, mixed-media performance, and site-specific installation. Their work proposes richly textured visual metaphors in which they consider often complex psychological, social and political relationships. Committed to experimentation, and less interested in the actor as an 'agent of fiction,' they describe their project as 'a laboratory of social imagination,' that offers a space for presenting community issues and human concerns in media and performance. This combination of real-life situations and sites along with highly stylized aesthetic staging produces a tension between real action and (re)presentation. Mapa Teatro draws from live events captured on video such as the demolition of a neighborhood in Bogotá, ritual practice, and texts that explore the relationship of postmodern subjects, myth and metaphor. Mapa Teatro has performed by commissions, festivals and collaborative projects world-wide.
=540  \\$aThere are copyright restrictions on this collection. For more information, go to the online version of this video.
=650  \0$aTheater$zColumbia$zBogotá.
=650  \0$aPerforming arts$zColumbia$zBogotá.
=650  \0$aTheater and society$zColumbia$zBogotá.
=650  \0$aVoice$xSocial aspects.
=655  \7$aPerformance.$2nyu-hidvl
=655  \7$aTheater.$2nyu-hidvl
=655  \7$aRadio theater.$2nyu-hidvl
=655  \7$aRadiophonic play.$2nyu-hidvl
=655  \7$aExperimental theater.$2nyu-hidvl
=700  1\$aAbderhalden, Heidi.$4drt$4trl
=700  1\$aLagarce, Jean-Luc,$d1957-1995.$4aut
=700  1\$aHincapié, Leonardo.$4trl
=710  2\$aMapa Teatro.$4pro
=710  2\$aHemispheric Institute Digital Video Library.
=830  \0$aMapa Teatro : Laboratorio de Artistas collection
=856  40$uhttp://hdl.handle.net/2333.1/4f4qrfr4

