=LDR  04276cgm a22005535a 4500
=001  001008951
=003  NNU
=004  NYUb12825371
=005  20090409162012.0
=006  m\\\\\\\\z\\\\\\\\
=007  vd|czaizu
=007  vf|ciahou
=007  vd|cv\hou
=007  cr\|||||||||||
=008  031013e20020710pe\020\\\\\\\\\\\\vleng\d
=024  7\$aHI2003_022_01$2nyu-hidvl
=024  7\$aHI2003.022_01$2nyu-hidvl
=035  \\$a(NYU)NYUb12825371
=040  \\$aNNU$cNNU$eamim
=043  \\$acl-----
=245  00$aInterview with Lourdes Arizpe$h[videorecording].
=246  30$aLourdes Arizpe
=260  \\$c2002 July 10.
=300  \\$3viewing copy.$a1 videodisc of 1 (DVD) (20 min.) :$bsd., col. ;$c4 3/4 in.
=300  \\$3master.$a1 videocassette of 1 (Digital Betacam) (20 min.) :$bsd., col. ;$c1/2 in.
=500  \\$aTitle supplied by Hemispheric Institute.
=500  \\$aPart of the Hemispheric Institute Digital Video Library.
=534  \\$pMedia source original:$e1 videocassette of 1 (Mini DV) : sd., col.; 1/4 in.$mPanasonic MiniDV.
=518  \\$aInterviewed in Lima, Peru, on July 10, 2002, as part of the Third Annual Hemispheric Institute Seminar entitled Globalization, Migration and the Public Sphere.
=508  \\$aHemispheric Institute of Performance and Politics, producer.
=511  0\$aLourdes Arizpe, interviewee ; Dawn Lorentson, interviewer.
=530  \\$aAlso available online as streaming video.
=520  \\$aInterview with Lourdes Arizpe, conducted by Dawn Lorentson during the 3rd Encuentro of the Hemispheric Institute of Performance and Politics, celebrated in July of 2002 in Lima, Peru under the title 'Globalization, Migration and the Public Sphere'. Dr. Lourdes Arizpe is a Professor of Anthropology at the Universidad Nacional Autónoma de México, and former Assistant Director-General for Culture, United Nations Educational, Scientific and Cultural Organization (UNESCO). Dr. Arizpe recently held the position of Assistant Director-General for Culture at UNESCO Paris. She earned an M.A. in Anthropology, followed by a Ph.D. in Social Anthropology at the London School of Economics and Political Science. Dr. Arizpe has held several notable international positions. She was the President of the International Union of Anthropological and Ethnological Sciences, and at present serves as Vice-President for the International Social Science Council (ISSC). She also served as Vice- President for the Society for International Development (SID) and she was a member of the Steering Committee for Development Alternatives for Women in a New Era (DAWN). Dr. Arizpe was a member of the World Commission on Culture and Development and Chair of the Scientific Committee of the World Culture Report. As a research scholar and lecturer, she received a Fulbright-Hayes as well as a John D. Guggenheim grant and has received several awards for her scientific work. She has been a Fellow of the Global Economic Forum of Davos. Dr. Arizpe has published numerous research articles and chapters of books. Her recent works include 'Culture and Globalization' in UNDP Working Papers of the Human Development Report, 1999; 'The cultural dimensions of global change: An anthropological approach', Paris, UNESCO (1996); and 'Re-thinking the Population-Environment Debate' in Population and Environment: Rethinking the Debate, Arizpe, Stone, and Major (ed.), 1994.
=540  \\$aThere are copyright restrictions on this collection. For more information, go to the online version of this video.
=600  10$aArizpe S., Lourdes$vInterviews.
=610  20$aUnesco.
=650  \0$aCultural property$zLatin America.
=653  \\$aCultural patrimony
=655  \7$aInterview.$2nyu-hidvl
=700  1\$aArizpe S., Lourdes.$4ive
=700  1\$aLorentson, Dawn.$4ivr
=710  2\$aHemispheric Institute of Performance and Politics.$4pro
=710  2\$aHemispheric Institute Digital Video Library.
=711  2\$aHemispheric Institute Encuentro$n(3rd :$d2002 :$cLima, Peru).$tGlobalization, migration and the public sphere.
=856  40$uhttp://hdl.handle.net/2333.1/sbcc2fxp

