=LDR  04063cgm a2200649 a 4500
=001  001017987
=003  NNU
=004  NYUb12834816
=005  20090409162018.0
=006  m\\\\\\\\z\\\\\\\\
=007  vd|cvaizu
=007  vf|ciahou
=007  vd|cvaizu
=007  cr\|||||||||||
=008  031013e200207uupe\060\\\\\\\\\\\\vlspa\d
=024  7\$aHI2004_020_01$2nyu-hidvl
=024  7\$aHI2004.020_01$2nyu-hidvl
=035  \\$a(NYU)NYUb12834816
=040  \\$aNNU$cNNU$eamim
=041  0\$aspa
=043  \\$anwcu---
=245  00$aMarianela Boán$h[videorecording] :$bBlanche Dubois.
=246  30$aBlanche Dubois
=246  30$aBlanche
=260  \\$c2002 July.
=300  \\$3viewing copy.$a1 videodisc of 1 (DVD) (60 min.) :$bsd., col. ;$c4 3/4 in.
=300  \\$3master.$a1 videocassette of 1 (Digital Betacam) (60 min.) :$bsd., col. ;$c1/2 in.
=530  \\$aAlso available online as streaming video.
=546  \\$aIn Spanish.
=500  \\$aTitle supplied by Hemispheric Institute.
=500  \\$aPart of the Hemispheric Institute Digital Video Library.
=534  \\$pMedia source original :$e1 videocassette of 1 (Mini DV) : sd., col. ; 1/4 in.$mPanasonic DVC.
=518  \\$aPerformed in Lima, Peru, in July 2002, as part of the Third Annual Hemispheric Institute Seminar entitled Globalization, Migration and the Public Sphere.
=508  \\$aHemispheric Institute of Performance and Politics, producer ; Marianela Boán, creator ; Raúl Gallegos, videographer ; Nadia Baram, videographer.
=511  0\$aMarianela Boán, performer.
=520  \\$aVideo documentation of Marianela Boáns solo dance performance Blanche Dubois presented as part of the 3rd Encuentro of the Hemispheric Institute of Performance and Politics, celebrated in July of 2002 in Lima, Peru under the title Globalization, Migration and the Public Sphere. Blanche is based on Tennessee Williams play A Streetcar Named Desire. For many years Marianela Boán admired the character of Blanche DuBois and identified with her from the perspective of a Cuban woman. This Cuban Blanche, who stays on the island while her sister emigrates, holds onto her revolutionary dreams, just as the original Blanche never loses her aristocratic spirit. Marianela Boán graduated from the National School of Dance in 1971 and received a degree in Hispanic Literature and Language from Havana University in 1981. For 15 years she worked as a dancer and choreographer for the dance company, Contemporary Dance of Cuba, which toured internationally. In 1988, she founded DanzAbierta where she has created a signature style mixing visual arts, theater, singing and music with dance to work through harsh contemporary conflicts. She calls her style polluted dance. Her other choreography works have included the Cuban National Ballet, Venezia Balleto, and film works in Cuba, Canada, and Spain.
=540  \\$aThere are copyright restrictions on this collection. For more information, go to the online version of this video.
=600  10$aWilliams, Tennessee,$d1911-1983.$tStreetcar named Desire$xCharacters$xBlanche Dubois.
=651  \0$aCuba$xPolitics and government$y1959-1990.
=653  \\$aContemporary dance$aCuba
=655  \7$aPerformance.$2nyu-hidvl
=655  \7$aDance.$2nyu-hidvl
=655  \7$aContemporary dance.$2nyu-hidvl
=655  \7$aCuban dance.$2nyu-hidvl
=655  \7$aPolitical performance.$2nyu-hidvl
=655  \7$aDanza contaminada/Polluted dance.$2nyu-hidvl
=700  1\$aBoán, Marianela.$4cre$4prf
=700  1\$aGallegos, Raúl.$4vdg
=700  1\$aBaram, Nadia.$4vdg
=710  2\$aHemispheric Institute of Performance and Politics.$4pro
=710  2\$aHemispheric Institute Digital Video Library.
=711  2\$aHemispheric Institute Encuentro$n(3rd :$d2002 :$cLima, Peru).$tGlobalization, migration and the public sphere.
=856  40$uhttp://hdl.handle.net/2333.1/v41ns1zs

