=LDR  04347ngm a2200505 a 4500
=001  003305742
=004  003305742
=005  20100221130643.0
=006  m\\\\\\\\z\\\\\\\\
=007  vd\cvaiz|
=007  cr\cna|||m|||a
=007  vd\cvaiz|
=007  cr\|||||||||||
=008  100219e20021002nyu010\\\\\\\\\\\\vleng\d
=024  7\$aHI2009_011_01$2nyu-hidvl
=024  7\$aHI2009.011_01$2nyu-hidvl
=040  \\$aNNU$beng$cNNU
=079  \\$a(OCoLC)607285374
=245  00$aInterview with Barbara Browning$h[videorecording] :$bwhat is performance studies?
=246  3\$aBarbara Browning
=260  \\$c2002 Oct. 2.
=300  \\$3viewing copy.$a1 videodisc of 1 (DVD) (10 min.) :$bsd., col. ;$c4 3/4 in.
=490  1\$aInterview series : What is performance studies?
=500  \\$aTitle supplied by Hemispheric Institute.
=500  \\$aPart of the Hemispheric Institute Digital Video Library.
=518  \\$aFilmed in New York, NY, on October 2, 2002.
=508  \\$aHemispheric Institute of Performance and Politics, producer.
=511  0\$aBarbara Browning, interviewee ; Diana Taylor, interviewer.
=520  \\$aInterview with Barbara Browning, conducted by Diana Taylor, director and founder of the Hemispheric Institute of Performance and Politics. This interview is a part of a series curated by the Hemispheric Institute, articulated around the question 'What is Performance Studies?' The series aims to provide a multifaceted approach to the often difficult task of defining the coordinates of both a field of academic study as well as a lens through which to assess and document cultural practice and embodied behavior. The contingent definitions documented in this series are based on the groundbreaking experiences and the scholarly endeavors of renowned figures in contemporary performance studies and practice.
=520  \\$aBarbara Browning is Associate Professor of Performance Studies at New York University. She previously chaired the Performance Studies Department. She received her Bachelor's, Master's and Doctoral degrees in Comparative Literature from Yale University. In 1983 she was awarded a Fulbright fellowship for the study of popular literature in Salvador, Bahia, Brazil. Also trained as a dancer, Dr. Browning published her first book, Samba: Resistance in Motion, winner of the de la Torre Bueno Prize for an outstanding work of dance scholarship, in 1995. She went on to write Infectious Rhythm: Metaphors of Contagion and the Spread of African Culture, which was published in 1998. Her articles have appeared in anthologies, as well as such publications as Dance Research Journal, TDR, Dance Chronicle, and Women & Performance. She serves on the boards of directors of both the Congress of Research on Dance and the Society of Dance History Scholars. Dr. Browning is also a member of the editorial board of Women & Performance and the advisory board of DRJ. Her practical training in Brazilian dance was greatly amplified during her Fulbright year in Bahia and led to her further study, instruction, and performance of Brazilian dance in Brazil, the United States, and Europe. She performed for several years with both the Loremil Machado Afro-Brazilian Dance Company and Silvana Magda's Viva Bahia. While no longer performing professionally, she continues to merge practical engagement of body practices with her scholarly work, which broadly addresses performance and politics in the African diaspora.
=530  \\$aAlso available online as streaming video.
=534  \\$pMedia source original:$e1 videocassette of 1 (Mini DV) : sd., col. ; 1/4 in. SP.$mPanasonic DVC60
=540  \\$aThere are copyright restrictions on this collection. For more information, go to the online version of this video.
=600  10$aBrowning, Barbara,$d1961-$vInterviews.
=650  \0$aPerforming arts$xStudy and teaching.
=653  \\$aPerformance studies.
=655  \7$aInterview.$2nyu-hidvl
=700  1\$aBrowning, Barbara,$d1961-$4ive
=700  1\$aTaylor, Diana,$d1950-$4ivr
=710  2\$aHemispheric Institute of Performance and Politics.$4pro
=710  2\$aHemispheric Institute Digital Video Library.
=830  \0$aInterview series : What is performance studies?
=856  40$uhttp://hdl.handle.net/2333.1/brv15ff8

