=LDR  04779cgm a2200709 a 4500
=001  001018439
=003  NNU
=004  NYUb12835310
=005  20100302172644.0
=006  m\\\\\\\\z\\\\\\\\
=007  vd\cvaizu
=007  vf\ciaho|
=007  cr\cna|||m|||a
=007  vd|cz\hou
=007  cr\cna|||m|||a
=008  031013e200207uupe\120\\\\\\\\\\\\vleng\d
=024  7\$aHI2004_016_01$2nyu-hidvl
=024  7\$aHI2004_017_01$2nyu-hidvl
=024  7\$aHI2004.016_01$2nyu-hidvl
=024  7\$aHI2004.017_01$2nyu-hidvl
=024  7\$aHI2004.016_01$2nyu-hidvl
=024  7\$aHI2004.017_01$2nyu-hidvl
=035  \\$a(NYU)NYUb12835310
=040  \\$aNNU$cNNU$eamim
=245  00$aNao Bustamante$h[videorecording] :$bAmerica the beautiful.
=246  30$aAmerica the beautiful
=260  \\$c2002 July.
=300  \\$3viewing copy.$a2 videodiscs of 2 (DVD) (120 min.) :$bsd., col. ;$c4 3/4 in.
=300  \\$3master.$a2 videocassettes of 2 (Digital Betacam) (120 min.) :$bsd., col. ;$c1/2 in.
=530  \\$aAlso available online as streaming video.
=500  \\$aTitle supplied by Hemispheric Institute.
=500  \\$aPart of the Hemispheric Institute Digital Video Library.
=500  \\$aTape HI2004.017_01 (Part 2) also contains episode HI2004.017_02 ("Gigi Otálvaro-Hormillosa : Cosmic blood").
=534  \\$pMedia source original :$e2 videocassettes of 2 (Mini DV) : sd., col. ; 1/4 in.$mPanasonic DVC.
=518  \\$aPerformed in Lima, Peru, in July 2002, as part of the Third Annual Hemispheric Institute Seminar entitled Globalization, Migration and the Public Sphere.
=508  \\$aHemispheric Institute of Performance and Politics, producer ; Nao Bustamante, creator ; Raúl Gallegos, videographer; Nadia Baram, videographer.
=511  1\$aNao Bustamante.
=520  \\$aVideo documentation of Nao Bustamantes solo performance America the Beautiful presented as part of the 3rd Encuentro of the Hemispheric Institute of Performance and Politics, celebrated in July of 2002 in Lima, Peru under the title Globalization, Migration and the Public Sphere. America the Beautiful is a body-narrative, which begins with the performer literally setting the stage. Through the rituals of feminine transformation, using clear packing tape and haphazard make-up, Bustamante creates a distorted reality of beauty with all of its eros and defeat. This tragic/comedy takes the viewer on a bizarre circus-like adventure of ladder climbing and breath-holding tension. Nao Bustamante is an internationally known performance art pioneer originating from the San Joaquin Valley of California. Her work encompasses performance art, installation, video, pop music and experimental rips in time. Using the body as a source of image, narrative and emotion, her performances communicate on the level of subconscious language taking the spectator on a bizarre journey, with haunting images, cracking stereotypes by embodying them. Bustamante's work has been presented, among other sites at, the Institute of Contemporary Arts in London, the San Francisco Museum of Modern Arts, and the Kiasma Museum of Helsinki. She has performed in Galleries, Museums, Universities and underground sites throughout Asia, Africa, Europe, New Zealand, Australia, Canada, Mexico and the United States. Her collaborations include working with such luminaries as Coco Fusco and Osseus Labrint. In 2001 she received the prestigious Anonymous Was a Woman fellowship. Currently she is living in Troy, New York and an assistant professor of New Media and Live Art at Rensselaer Polytechnic Institute.
=540  \\$aThere are copyright restrictions on this collection. For more information, go to the online version of this video.
=650  \0$aFeminine beauty (Aesthetics)
=650  \0$aPhysical-appearance-based bias.
=653  \\$aBody politics
=653  \\$aWomen and performance
=655  \7$aPerformance.$2nyu-hidvl
=655  \7$aPerformance art.$2nyu-hidvl
=655  \7$aOne-person shows (Performing arts)$2nyu-hidvl
=655  \7$aPolitical performance.$2nyu-hidvl
=700  1\$aBustamante, Nao.$4cre$4prf
=700  1\$aGallegos, Raúl.$4vdg
=700  1\$aBaram, Nadia.$4vdg
=710  2\$aHemispheric Institute of Performance and Politics.$4pro
=710  2\$aHemispheric Institute Digital Video Library.
=711  2\$aHemispheric Institute Encuentro$n(3rd :$d2002 :$cLima, Peru).$tGlobalization, migration and the public sphere.
=853  00$81$apt.
=863  \\$81.1$a1$p31142019204596
=863  \\$81.2$a2$p31142019204422
=856  40$uhttp://hdl.handle.net/2333.1/kkwh70x7

