=LDR  03730cgm a2200565 a 4500
=001  001081364
=003  NNU
=004  NYUb12900111
=005  20090409162027.0
=006  m\\\\\\\\z\\\\\\\\
=007  vd|cvaizu
=007  vf|ciahou
=007  \\vd
=007  cr\|||||||||||
=008  040503e200207uupe\060\\\\\\\\\\\\vleng\d
=024  7\$aHI2004_031_01$2nyu-hidvl
=024  7\$aHI2004.031_01$2nyu-hidvl
=040  \\$aNNU$cNNU$eamim
=043  \\$an-us---
=245  00$aInterview with Nao Bustamante$h[videorecording].
=246  30$aNao Bustamante
=260  \\$c2002 July.
=300  \\$3viewing copy.$a1 videodisc of 1 (DVD) (60 min.) :$bsd., col. ;$c4 3/4 in.
=300  \\$3master.$a1 videocassette of 1 (Digital Betacam) (60 min.) :$bsd., col. ;$c1/2 in.
=530  \\$aAlso available online as streaming video.
=500  \\$aTitle supplied by Hemispheric Institute.
=500  \\$aPart of the Hemispheric Institute Digital Video Library.
=534  \\$pMedia source original:$e1 videocassette (Mini DV) : digital sd., col. ; 1/4 in.$mPanasonic MiniDV.
=518  \\$aInterviewed in Lima, Peru, in July 2002, as part of the Third Annual Hemispheric Institute Seminar entitled Globalization, Migration and the Public Sphere.
=508  \\$aHemispheric Institute of Performance and Politics, producer.
=511  1\$aNao Bustamante, interviewee ; José Muñoz, interviewer.
=520  \\$aInterview with Nao Bustamante conducted by José Muñoz during the 3rd Encuentro of the Hemispheric Institute of Performance and Politics, celebrated in July of 2002 in Lima, Peru under the title Globalization, Migration and the Public Sphere. Nao Bustamante is an internationally known performance art pioneer originating from the San Joaquin Valley of California. Her work encompasses performance art, installation, video, pop music and experimental rips in time. Using the body as a source of image, narrative and emotion, her performances communicate on the level of subconscious language, taking the spectator on a bizarre journey, with haunting images, cracking stereotypes by embodying them. Bustamante's work has been presented, among other sites at, the Institute of Contemporary Arts in London, the San Francisco Museum of Modern Arts, and the Kiasma Museum of Helsinki. She has performed in Galleries, Museums, Universities and underground sites throughout Asia, Africa, Europe, New Zealand, Australia, Canada, Mexico and the United States. Her collaborations include working with such luminaries as Coco Fusco and Osseus Labrint. In 2001 she received the prestigious Anonymous Was a Woman fellowship. Currently she is living in Troy, New York and an assistant professor of New Media and Live Art at Rensselaer Polytechnic Institute.
=540  \\$aThere are copyright restrictions on this collection. For more information, go to the online version of this video.
=600  10$aBustamante, Nao$vInterviews.
=650  \0$aEntertainers$zUnited States$vInterviews.
=650  \0$aIdentity (Psychology)$xPolitical aspects.
=653  \\$aIdentity politics
=653  \\$aLatino performance art
=655  \7$aInterview.$2nyu-hidvl
=700  1\$aBustamante, Nao.$4ive
=700  1\$aMuñoz.$4ivr
=710  2\$aHemispheric Institute of Performance and Politics.$4pro
=710  2\$aHemispheric Institute Digital Video Library.
=711  2\$aHemispheric Institute Encuentro$n(3rd :$d2002 :$cLima, Peru).$tGlobalization, migration and the public sphere.
=856  40$uhttp://hdl.handle.net/2333.1/5dv41nv8

