=LDR  03816cgm a2200697 a 4500
=001  001061468
=003  NNU
=004  NYUb12879680
=005  20090409162031.0
=006  m\\\\\\\\z\\\\\\\\
=007  vd|cvaizu
=007  vf|ciahou
=007  vd|cvaizu
=007  cr\|||||||||||
=008  031014e200207uupe\043\\\\\\\\\\\\vlspa\d
=024  7\$aHI2004_028_01$2nyu-hidvl
=024  7\$aHI2004.028_01$2nyu-hidvl
=040  \\$aNNU$cNNU$eamim
=041  0\$aspa
=043  \\$af------
=245  00$aTeatro Esquina Latina$h[videorecording] :$bCuentos eróticos africanos, del Decamerón negro.
=246  30$aCuentos eróticos africanos
=260  \\$c2002 July.
=300  \\$3viewing copy.$a1 videodisc of 1 (DVD) (43 min.) :$bsd., col. ;$c4 3/4 in.
=300  \\$3master.$a1 videocassette of 1 (Digital Betacam) (43 min.) :$bsd., col. ;$c1/2 in.
=530  \\$aAlso available online as streaming video.
=546  \\$aIn Spanish.
=500  \\$aTitle supplied by Hemispheric Institute.
=500  \\$aPart of the Hemispheric Institute Digital Video Library.
=534  \\$pMedia source original:$e1 videocassette of 1 (Mini DV) : sd., col. ; 1/4 in.$mPanasonic MiniDV.
=518  \\$aPerformed in Lima, Peru, in July 2002, as part of the Third Annual Hemispheric Institute Seminar entitled Globalization, Migration and the Public Sphere.
=508  \\$aHemispheric Institute of Performance and Politics, producer ; Teatro Esquina Latina, creator ; Orlando Cajamarca, director ; Raúl Gallegos, videographer.
=511  1\$aMarisol Castillo, Adrianna Gonzales.
=520  \\$aVideo documentation of Teatro Esquina Latinas Cuentos eróticos africanos-del Decamerón Negro presented as part of the 3rd Encuentro of the Hemispheric Institute of Performance and Politics, celebrated in July of 2002 in Lima, Peru under the title Globalization, Migration and the Public Sphere. Cuentos eróticos africanos is based on The Black Decameron, a compilation of African folk stories by anthropologist Leo Frobenius. This is a shortened piece of the original production of Teatro Esquina Latina, with two actresses instead of the original four. The play is a spectacle of storytelling that creates the scene, for young people and adults, of the daily life, humor, and the game of love in the land that is Africa. Teatro Esquina Latina is a cooperative theatre group from Cali, Colombia, founded in 1973 in the Universidad del Valle as a student group and directed by Orlando Cajamarca Castro.
=540  \\$aThere are copyright restrictions on this collection. For more information, go to the online version of this video.
=650  \0$aFolklore$zAfrica.
=650  \0$aTales$zAfrica.
=650  \0$aFolklore$xPerformance.
=651  \0$aAfrica$xSocial life and customs.
=651  \0$aAfrica$xCivilization.
=653  \\$aStorytelling in performance
=655  \7$aPerformance.$2nyu-hidvl
=655  \7$aTheater.$2nyu-hidvl
=655  \7$aStorytelling.$2nyu-hidvl
=655  \7$aColombian theater.$2nyu-hidvl
=655  \7$aAfrican folktales.$2nyu-hidvl
=655  \7$aErotica.$2nyu-hidvl
=700  1\$aCajamarca, Orlando.$4drt
=700  1\$aGallegos, Raúl.$4vdg
=700  1\$aCastillo, Marisol.$4prf
=700  1\$aGonzales, Adrianna.$4prf
=710  2\$aTeatro Esquina Latina.$4cre
=710  2\$aHemispheric Institute of Performance and Politics.$4pro
=710  2\$aHemispheric Institute Digital Video Library.
=711  2\$aHemispheric Institute Encuentro$n(3rd :$d2002 :$cLima, Peru).$tGlobalization, migration and the public sphere.
=856  40$uhttp://hdl.handle.net/2333.1/jm63xsp2

