=LDR  03890cgm a2200589 a 4500
=001  001062150
=003  NNU
=004  NYUb12880362
=005  20090409162037.0
=006  m\\\\\\\\z\\\\\\\\
=007  vd|cvaizu
=007  vf|ciahou
=007  vd|cvaizu
=007  cr\|||||||||||
=008  031014e200207uupe\012\\\\\\\\\\\\vlspa\d
=024  7\$aHI2004_029_01$2nyu-hidvl
=024  7\$aHI2004.029_01$2nyu-hidvl
=035  \\$a(NYU)NYUb12880362
=040  \\$aNNU$cNNU$eamim
=041  0\$aspa
=245  00$aInterview with Dr. Gisela Cánepa Koch$h[videorecording].
=246  30$aGisela Cánepa Koch
=260  \\$c2002 July.
=300  \\$3viewing copy.$a1 videodisc of 1 (DVD) (12 min.) :$bsd., col. ;$c4 3/4 in.
=300  \\$3master.$a1 videocassette of 1 (Digital Betacam) (12 min.) :$bsd., col. ;$c1/2 in.
=530  \\$aAlso available online as streaming video.
=546  \\$aIn Spanish.
=500  \\$aTitle supplied by Hemispheric Institute.
=500  \\$aPart of the Hemispheric Institute Digital Video Library.
=534  \\$pMedia source original:$e1 videocassette (Mini DV) : sd., col. ; 1/4 in.$mPanasonic MiniDV.
=518  \\$aInterviewed in Lima, Peru, in July 2002, as part of the Third Annual Hemispheric Institute Seminar entitled Globalization, Migration and the Public Sphere.
=508  \\$aHemispheric Institute of Performance and Politics, producer ; Karen Young, videographer.
=511  0\$aGisela Cánepa Koch, interviewee ; Diana Taylor, interviewer.
=520  \\$aInterview with Dr. Gisela Cánepa Koch conducted by Diana Taylor during the 3rd Encuentro of the Hemispheric Institute of Performance and Politics, celebrated in July of 2002 in Lima, Peru under the title Globalization, Migration and the Public Sphere. Dr. Koch is a Professor of Anthropology in the Social Studies Department at Pontificia Universidad Católica del Perú where she also co-chairs the Taller de Antropología Visual (Visual Anthropology Workshop). She received her Master's in Anthropology at the Pontificia Católica and her doctorate studies at the University of Chicago, Illinois. She was awarded scholarships from the Century Fellowship and Consejo Latino Americano de Ciencias Sociales-CLACSO. She is the author of Máscara, Transformación e Identidad en los Andes (Mask, Transformation and Identity in the Andes; Lima: PUC, 1998) and has edited Identidades Representadas: performance, experiencia y memoria en Los Andes (Acted Identities: performance, experience and memory in the Andes; Lima: PUC, 2001). She has also directed four documentaries for the series Videos Etnográficos del Centro de Etnomusicología Andina de la PUCP (Ethnographic Videos for the Andes Ethnomusicology Center at PUCP) and the CD-ROM Multimedia, música y ritual en Los Andes peruanos (CD-ROM Multimedia, music and ritual in the Peruvian Andes; Lima: PUCP, 2001).
=540  \\$aThere are copyright restrictions on this collection. For more information, go to the online version of this video.
=600  10$aCánepa Koch, Gisela,$d1964-$vInterviews.
=650  \0$aIdentity (Psychology)$xPolitical aspects.
=650  \0$aMasks$zAndes Region.
=651  \0$aAndes Region$xSocial life and customs.
=653  \\$aIdentity politics
=655  \7$aInterview.$2nyu-hidvl
=700  1\$aCánepa Koch, Gisela,$d1964-$4ive
=700  1\$aTaylor, Diana,$d1950-$4ivr
=700  1\$aYoung, Karen.$4vdg
=710  2\$aHemispheric Institute of Performance and Politics.$4pro
=710  2\$aHemispheric Institute Digital Video Library.
=711  2\$aHemispheric Institute Encuentro$n(3rd :$d2002 :$cLima, Peru).$tGlobalization, migration and the public sphere.
=856  40$uhttp://hdl.handle.net/2333.1/dz08kpws

