=LDR  04201cgm  22006375a 4500
=001  000505852
=003  NNU
=004  NYUb13493765
=005  20080208180456.0
=006  m\\\\\\\\z\\\\\\\\
=007  vd\cvaizu
=007  vf\ciahou
=007  cr\cna
=007  cr\|||||||||||
=008  070503e200203uunyu050\\\\\\\\\\\\vleng\d
=024  7\$aHI2006_060_01$2nyu-hidvl
=024  7\$aHI2006.060_01$2nyu-hidvl
=040  \\$aNNU$cNNU$eamim
=043  \\$an-us-ny
=245  00$aHamletango, prince of butches$h[videorecording].
=246  30$aPrince of butches
=260  \\$c2002 Mar.
=300  \\$a1 videocassette of 1 (Digital Betacam) (50 min.) :$bsd., col. ;$c1/2 in.$3master.
=300  \\$a1 videodisc of 1 (DVD) (50 min.) :$bsd., col. ;$c4 3/4 in.$3viewing copy.
=490  1\$aSusana Cook collection
=530  \\$aAlso available online as streaming video.
=500  \\$aTitle supplied by Hemispheric Institute.
=500  \\$aPart of the Hemispheric Institute Digital Video Library.
=534  \\$pMedia source original:$e1 videocassette of 1 (Mini DV) : sd., col. ; 1/4 in. SP.$mPanasonic DVM60.
=518  \\$aPerformed at WOW Café Theater, New York City, in Mar. 2002.
=508  \\$aSusana Cook, producer, director, writer ; Julian Mesri, videographer.
=511  1\$aSusana Cook, Anita Maldonado, D'Lo, Lisa Haas, Nora, Storme Webber, Carole Thompson, Fu-chia, Mistah, Moira Cutler, Migdalia Jimenez, Ira Jeffries, Juana Pepa.
=520  \\$aSusana Cook (www.susanacook.com) is a New York-based Argentinean theater and performance artist. Mainly directed to queer and Latino communities in New York City, Cook's work also encompasses a heated response to broader State policies that oppress communities defined in the intersection of race, gender, and class. In her shows, Cook parodies discourses of power, drawing attention to the close ties between the state, religious and political conservatism, and the military. Cook's plays usually feature all-women casts that defy the normative performance of gender, race, and sexuality. 'Hamletango, Prince of Butches' is an adaptation of 'Hamlet, Prince of Denmark' for an all-women's cast. In this play, all the original elements of Shakespeare's play appear rearranged, transformed. Here, the prince is a woman and the ghost is her mother. If in the original drama the ghost of the father comes back asking his son for revenge, causing a tragedy where everybody dies, in this version the ghost of the mother does not come back asking for revenge. Ophelia appears here as a good swimmer, but the audience still witness her funeral - and so does she, next to the other characters, bringing together the living and the dead, ghosts and ashes. The tragedy, then, becomes a comedy. At the end of the drama - as in the original 'Hamlet' - a group of clowns comes to tell 'what really happened.' Represented as peasants who just witnessed the death of the whole royal family in the hands of each other, the clowns find themselves in a palace full of clothes, food, and wine, without a King, a Queen, or a Prince. So they dress with their clothes, drink their wine, and celebrate.
=540  \\$aThere are copyright restrictions on this collection. For more information, go to the online version of this video.
=600  10$aShakespeare, William,$d1564-1616.$tHamlet$vAdaptations.
=650  \0$aIdentity (Psychology)
=650  \0$aFamilies.
=653  \\$aRelationships
=653  \\$aQueer/Gay/Lesbian
=653  \\$aFeminist theater
=653  \\$aIdentity politics
=653  \\$aPolitical performance
=655  \7$aPerformance.$2nyu-hidvl
=655  \7$aTheater.$2nyu-hidvl
=655  \7$aQueer/Gay/Lesbian performance.$2nyu-hidvl
=655  \7$aFeminist performance.$2nyu-hidvl
=700  1\$aCook, Susana.$4pro$4aut$4drt$4prf
=700  1\$aMesri, Julian.$4vdg
=710  2\$aHemispheric Institute Digital Video Library.
=830  \0$aSusana Cook collection.
=856  40$uhttp://hdl.handle.net/2333.1/n2z34tw1

