=LDR  03548cgm  22006255a 4500
=001  000506839
=003  NNU
=004  NYUb13494826
=005  20080214135532.0
=006  m\\\\\\\\z\\\\\\\\
=007  vd\cvaizu
=007  vf\ciahou
=007  cr\cna
=007  cr\|||||||||||
=008  070508e200210uunyu060\\\\\\\\\\\\vleng\d
=024  7\$aHI2006_066_01$2nyu-hidvl
=024  7\$aHI2006.066_01$2nyu-hidvl
=040  \\$aNNU$cNNU$eamim
=043  \\$an-us---
=245  00$aSpic for export$h[videorecording].
=260  \\$c2002 Oct.
=300  \\$a1 videocassette of 1 (Digital Betacam) (60 min.) :$bsd., col. ;$c1/2 in.$3master.
=300  \\$a1 videodisc of 1 (DVD) (60 min.) :$bsd., col. ;$c4 3/4 in.$3viewing copy.
=490  1\$aSusana Cook collection
=530  \\$aAlso available online as streaming video.
=500  \\$aTitle supplied by Hemispheric Institute.
=500  \\$aPart of the Hemispheric Institute Digital Video Library.
=534  \\$pMedia source original:$e1 videocassete of 1 (Mini DV) : sd., col. ; 1/4 in. SP.$mPanasonic DVM60.
=518  \\$aPerformed at WOW Café Theatre, New York City, in Oct. 2002.
=508  \\$aSusana Cook, producer, writer, director ; Julian Mesri, videographer.
=511  1\$aSusana Cook.
=520  \\$aSusana Cook (www.susanacook.com) is a New York-based Argentinean theater and performance artist. Mainly directed to queer and Latino communities in New York City, Cook's work also encompasses a heated response to broader State policies that oppress communities defined in the intersection of race, gender, and class. In her shows, Cook parodies discourses of power, drawing attention to the close ties between the state, religious and political conservatism, and the military. Cook's plays usually feature all-women casts that defy the normative performance of gender, race, and sexuality.'Spic for Export' is a solo performance about memory and the borders of life. 'Spic' is the ethnic slur applied to Latinos and Hispanics in the US. In the piece, which explores the borders between the 'inner' and the 'outer' world, death appears as just one more element of life. The show is organized in a series of monologues that describe the character's journey in search of God, Truth, Justice, Friends, True Love, and True Gender. The protagonist ends up finding the frontiers of the social body, looking for a job, trying to survive in a corporate world. Includes Cook's 'Lemon Cookies' Monologue.
=540  \\$aThere are copyright restrictions on this collection. For more information, go to the online version of this video.
=650  \0$aRace discrimination$zUnited States.
=650  \0$aSegregation$zUnited States.
=650  \0$aHispanic Americans.
=650  \0$aIdentity (Psychology)
=650  \0$aImmigrants$zUnited States$xSocial conditions.
=653  \\$aIdentity politics
=653  \\$aLatino
=653  \\$aPolitical performance
=655  \7$aPerformance.$2nyu-hidvl
=655  \7$aTheater.$2nyu-hidvl
=655  \7$aPolitical performance.$2nyu-hidvl
=655  \7$aOne-person shows (Performing arts).$2nyu-hidvl
=700  1\$aCook, Susana.$4pro$4aut$4drt$4prf
=700  1\$aMesri, Julian.$4vdg
=710  2\$aHemispheric Institute Digital Video Library.
=830  \0$aSusana Cook collection.
=856  40$uhttp://hdl.handle.net/2333.1/vmcvdnqr

