=LDR  05635cgm a22006495a 4500
=001  000516399
=003  NNU
=004  NYUb13505408
=005  20080129132118.0
=006  m\\\\\\\\z\\\\\\\\
=007  vd\cvaizu
=007  vf\ciahou
=007  cr\cna
=007  cr\|||||||||||
=008  070613e200205uupe\029\\\\\\\\\\\\vlspa\d
=024  7\$aHI2006_032_01$2nyu-hidvl
=024  7\$aHI2006.032_01$2nyu-hidvl
=035  \\$a(NYU)NYUb13505408
=040  \\$aNNU$cNNU$eamim
=043  \\$as-pe---
=245  03$aEl bus de la fuga$h[videorecording].
=246  31$aEscape bus
=260  \\$c2002 May.
=300  \\$3master.$a1 videocassette of 1 (Digital Betacam) (29 min.) :$bsd., col. ;$c1/2 in.
=300  \\$3viewing copy.$a1 videodisc of 1 (DVD) (29 min.) :$bsd., col. ;$c4 3/4 in.
=490  1\$aYuyachkani collection
=530  \\$aAlso available online as streaming video.
=546  \\$aIn Spanish.
=500  \\$aTitle supplied by Hemispheric Institute.
=500  \\$aPart of the Hemispheric Institute Digital Video Library.
=534  \\$pMedia source original:$e1 videocassette of 1 (VHS) : sd., col. ; 1/2 in. SP.
=518  \\$aPerformed in Lima, Peru, in May 2002.
=508  \\$aGrupo Cultural Yuyachkani, producer ; Ana Correa, director ; Fidel Melquíades, director ; documentary realized by Miguel Piedra ; Javier Sono, editor.
=511  1\$aAugusto Casafranca, Ana Correa, Débora Correa, Rebecca Ralli, Teresa Ralli, Julián Vargas.
=520  \\$aStreet action created by Grupo Cultural Yuyachkani in May 2002 and performed during the 'Semana Anticorrupción' (AntiCorruption week) in Lima, Peru. After the fall of the Fujimori Presidency in 2001, the extent of governmental corruption and its key players were being exposed, by means of documentation which demonstrated that members of Fujimori's Cabinet had accepted bribes, in addition to embezzling a great amount of money during his presidency. In this street action, members of Yuyachkani perform a critique to the abuses of power and the financial corruption that took place within Fujimori's government: the actors dance to the well-known 'El baile del Chino' (a 'tecnocumbia' song used by Fujimori for his third electoral campaign), wearing masks to represent some of these political figures, including Fujimori, Montesinos, the Mayor, the Minister, a Congresswoman, a representative of Judicial Power, the Assessor, Owners of Mass-Communication, the Military and the Grupo Colina (a paramilitary group). The group toured around Lima in a small bus which they called 'El Bus de la Fuga' ('Escape Bus'), from Barrios Altos (a neighborhood that suffered the murder to some of its residents) to La Cantuta (where a number of students were murdered) to Tokyo (where President Fujimori fled to exile). The route covered both affluent and impoverished neighborhoods of Peru's capital city -including the Palacio de Justicia, the Distrito de Comas, the Parque Universitario, the Universidad Nacional de Educación, Ate-Vitarte, Villa el Salvador, and Miraflores- eliciting the most varied reactions depending on where the street action was performed. Some of these street audience reactions, along with footage of the performance, are documented in this video created by Miguel Piedra. Peru's most important theater collective, Grupo Cultural Yuyachkani (www.yuyachkani.org) has been working since 1971 at the forefront of theatrical experimentation, political performance, and collective creation. 'Yuyachkani' is a Quechua word that means 'I am thinking, I am remembering'; under this name, the theater group has devoted itself to the collective exploration of embodied social memory, particularly in relation to questions of ethnicity, violence, and memory in Peru. The group is comprised of seven actors (Augusto Casafranca, Amiel Cayo, Ana Correa, Débora Correa, Rebeca Ralli, Teresa Ralli, and Julián Vargas), a technical designer (Fidel Melquíades), and an artistic director (Miguel Rubio), who have made a commitment to collective creation as a mode of theatrical production and to group theater as a life style. Their work has been among the most important in Latin America's so called 'New Popular Theater,' with a strong commitment to grass-roots community issues, mobilization, and advocacy. Yuyachkani won Peru's National Human Rights Award in 2000. Known for its creative embrace of both indigenous performance forms as well as cosmopolitan theatrical forms, Yuyachkani offers insight into Peruvian and Latin American theater, and to broader issues of postcolonial social aesthetics.
=540  \\$aThere are copyright restrictions on this collection. For more information, go to the online version of this video.
=600  10$aFujimori, Alberto.
=650  \0$aPolitical corruption$zPeru$vDrama.
=650  \0$aPolitical satire, Peruvian.
=650  \0$aStreet theater$zPeru.
=651  \0$aPeru$xPolitics and government$y1980-
=655  \7$aPerformance.$2nyu-hidvl
=655  \7$aStreet performance.$2nyu-hidvl
=655  \7$aPolitical performance.$2nyu-hidvl
=655  \7$aSatire.$2nyu-hidvl
=655  \7$aMask performance.$2nyu-hidvl
=700  1\$aCorrea, Ana.$4drt$4prf
=700  1\$aMelquíades, Fidel.$4drt
=700  1\$aPiedra, Miguel.$4cre
=710  2\$aGrupo Cultural Yuyachkani.$4pro
=710  2\$aHemispheric Institute Digital Video Library.
=830  \0$aYuyachkani collection.
=856  40$uhttp://hdl.handle.net/2333.1/bvq83btq

