=LDR  04182cgm a2200625 a 4500
=001  001076275
=003  NNU
=004  NYUb12894601
=005  20090409162041.0
=006  m\\\\\\\\z\\\\\\\\
=007  vd|cvaizu
=007  vf|ciahou
=007  vd|cvaizu
=007  cr\|||||||||||
=008  031014e200207uupe\017\\\\\\\\\\\\vlspa\d
=024  7\$aHI2004_030_01$2nyu-hidvl
=024  7\$aHI2004.030_01$2nyu-hidvl
=040  \\$aNNU$cNNU$eamim
=041  0\$aspa
=043  \\$as-pe---
=245  00$aInterview with Ana Correa (Grupo Cultural Yuyachkani)$h[videorecording].
=246  30$aAna Correa
=260  \\$c2002 July.
=300  \\$3viewing copy.$a1 videodisc of 1 (DVD) (17 min.) :$bsd., col. ;$c4 3/4 in.
=300  \\$3master.$a1 videocassette of 1 (Digital Betacam) (17 min.) :$bsd., col. ;$c1/2 in.
=530  \\$aAlso available online as streaming video.
=546  \\$aIn Spanish.
=500  \\$aTitle supplied by Hemispheric Institute.
=500  \\$aPart of the Hemispheric Institute Digital Video Library.
=534  \\$pMedia source original:$e1 videocassette (Mini DV) (17 min.) : sd., col. ; 1/4 in.$mPanasonic Digital video cassette.
=518  \\$aInterviewed in Lima, Peru, in July 2002, as part of the Third Annual Hemispheric Institute Seminar entitled Globalization, Migration and the Public Sphere.
=508  \\$aHemispheric Institute of Performance and Politics, producer ; Karen Young, videographer.
=511  0\$aAna Correa, interviewee ; Michelle Zubiate, interviewer.
=520  \\$aInterview with Ana Correa, active member of Perus Grupo Cultural Yuyachkani, conducted by Michelle Zubiate during the 3rd Encuentro of the Hemispheric Institute of Performance and Politics, celebrated in July of 2002 in Lima, Peru under the title Globalization, Migration and the Public Sphere. Perus most important theater collective, Grupo Cultural Yuyachkani has been working since 1971 at the forefront of theatrical experimentation, political performance, and collective creation. Yuyachkani is a Quechua word that means I am thinking, I am remembering; under this name, the theater group has devoted itself to the collective exploration of embodied social memory, particularly in relation to questions of ethnicity, violence, and memory in Peru. The group is comprised of seven actors (Augusto Casafranca, Amiel Cayo, Ana Correa, Débora Correa, Rebeca Ralli, Teresa Ralli, and Julián Vargas), a technical designer (Fidel Melquíades), and an artistic director (Miguel Rubio), who have made a commitment to collective creation as a mode of theatrical production and to group theater as a life style. Their work has been among the most important in Latin Americas so called New Popular Theater, with a strong commitment to grass-roots community issues, mobilization, and advocacy. Yuyachkani won Perus National Human Rights Award in 2000. Known for its creative embrace of both indigenous performance forms as well as cosmopolitan theatrical forms, Yuyachkani offers insight into Peruvian and Latin American theater, and to broader issues of postcolonial social aesthetics.
=540  \\$aThere are copyright restrictions on this collection. For more information, go to the online version of this video.
=600  10$aCorrea, Ana$vInterviews.
=610  20$aGrupo Cultural Yuyachkani.
=650  \0$aChoreographers$zPeru$vInterviews.
=650  \0$aActors$zPeru$vInterviews.
=650  \0$aTheater$zPeru.
=650  \0$aPopular culture$zPeru.
=653  \\$aCultural performance$aPeru
=655  \7$aInterview.$2nyu-hidvl
=700  1\$aCorrea, Ana.$4ive
=700  1\$aZubiate, Michelle.$4ivr
=700  1\$aYoung, Karen.$4vdg
=710  2\$aHemispheric Institute of Performance and Politics.$4pro
=710  2\$aHemispheric Institute Digital Video Library.
=711  2\$aHemispheric Institute Encuentro$n(3rd :$d2002 :$cLima, Peru).$tGlobalization, migration and the public sphere.
=856  40$uhttp://hdl.handle.net/2333.1/95x69pcm

