=LDR  04944cgm a2200553 a 4500
=001  003764503
=005  20140418144225.0
=006  m\\\\\\\\c\\\\\\\\
=007  cr\cna|||m|||a
=007  cr\|||||||||||
=008  130611s2002\\\\bl\197\\\\\\\\s\\\vlpor\d
=024  7\$aHI2011_019_01$2nyu-hidvl
=040  \\$aNNU$beng$cNNU
=041  0\$apor
=043  \\$as-bl---
=245  03$aOs Sertões$h[videorecording] :$ba terra = Os Sertões : the Earth /$cAssociação Teat(r)o Oficina Uzyna Uzona, Lucas Weglinski, Marcelo Drummond, producers ; José Celso Martinez Corrêa, Tommy Pietra, Marcelo Drummond, writers ; José Celso Martinez Corrêa, director.
=246  31$aOs Sertões :$bthe Earth
=260  \\$c2002.
=300  \\$3viewing copy.$a1 streaming video (196 min., 10 sec.) :$bsd., col.
=490  1\$aTeatro Oficina collection
=546  \\$aIn Portuguese.
=500  \\$aTitle supplied by Hemispheric Institute.
=500  \\$aPart of the Hemispheric Institute Digital Video Library.
=500  \\$aBased on the book, Os Sertões, by Euclides da Cunha.
=518  \\$aRecorded in São Paulo, Brazil, in 2002.
=508  \\$aCatherine Hirsch, consultant ; Camila Mota, Marcelo Drummond, co-directors ; Maestro Marcelo Pellegrini, musical director ; Alexandre Klinke, editor ; Luis Ushorobira, Tommy Pietra, cinematographers, videographers.
=511  1\$aAdriana Capparelli, Adriana Viegas, Adriano Salhab, Anna Guilhermina, Aury Porto, Adriano Salhab, special guest ; Fabiana Serroni, Félix Oliveira, Fernando Coimbra, Fioravante Almeida, Francisco Rodrigues (Rato), Fransérgio Araújo, Frederick Steffen, Freddy Allan, Gabriel Fernandes, Guilherme Calzavara, Juliane Elting, Karina Buhr, Letícia Coura, Luciana Domschke, Marcelo Drummond, Mariana de Moraes, Mariano Mattos Martins, Naomy Schölling, Otávio Ortega, Pedro Epifânio, Ricardo Bittencourt, Rodolfo Dias Paes (Dipa), Sálvio do Prado, Samuel de Assis, Sylvia Prado, Vera Barreto Leite, Wilson Feitosa Jr., Zé Celso, Zé de Paiva, Camila Mota, Céllia Nascimento, Danilo Tomic, Elenildo de Moura (Uga), Ito Alves, Karina Buhr, Letícia Coura, Otávio Ortega, Wilson Feitosa, performers ; André Lagartixa, Daniel Camilo, Danilo Tomic, Guilherme Calzavara , musicians.
=520  \\$aIn A Terra, the first impact is the geography of the sertão. Euclides da Cunha describes each part of the sertão in the first part of his book, revealing to the reader an x-ray of the region. In the play, a carnival opera, an epic Brazilian musical, the actors are the earth, the vegetation, the wind, the animals, the rivers, the drought. It reveals the most intimate secrets of nature, that also vibrate in the human and trans-human arteries. When this work returned as a musical overture to the whole pentalogy, enriched by the experience that the subsequent works brought to the creators and to the audience, it gained an updated insight into the human interference in the environment. Destructive power is proportional to financial power, and the discussion about the way space gets occupied was brought to the forefront, including the real-estate boom that surrounds today not only Teatro Oficina, but the whole world, now hotter and more arid.
=520  \\$aFrom 2000 to 2007, Teat(r)o Oficina Uzyna Uzona worked on the staging of Euclides da Cunha's epic book, Os Sertões, which describes the 19th Century War of Canudos in the Brazilian 'sertão,' lead by Antônio Conselheiro. The final result was a pentalogy, formed by the plays A Terra (2002), O Homem I (2003), O Homem II (2003), A Luta I (2005), and A Luta II (2006), totalizing 27 hours of theater. Os Sertões reads the episodes of the war in light of past and present Brazilian history, and in relation to the struggle of the group against media mogul Sílvio Santos, who wanted to tear down the historic theater.
=534  \\$pMedia source original:$e1 digital video : sd., col.
=540  \\$aThere are copyright restrictions on this collection. For more information, go to the online version of this video.
=600  10$aCunha, Euclides da,$d1866-1909.$tSertões$vAdaptations.
=650  \0$aCannibalism$zBrazil$vDrama.
=650  \0$aNature$xEffect of human beings on$vDrama.
=650  \0$aTheater and society$zBrazil.
=651  \0$aCanudos (Euclides da Cunha, Brazil)
=651  \0$aBrazil$xHistory$yCanudos Campaign, 1893-1897$vDrama.
=655  \7$aPerformance.$2nyu-hidvl
=655  \7$aTheater.$2nyu-hidvl
=700  1\$aCorrea, José Celso Martinez.$4cre$4drt
=700  1\$aPietra, Tommy.$4cre
=700  1\$aDrummond, Marcelo.$4cre$4pro
=700  1\$aWeglinski, Lucas.$4pro
=700  1\$aCunha, Euclides da,$d1866-1909.$tSertões.
=710  2\$aTeatro Oficina (São Paulo, Brazil)$4pro
=710  2\$aHemispheric Institute Digital Video Library.
=830  \0$aTeatro Oficina collection.
=856  40$uhttp://hdl.handle.net/2333.1/6hdr7vcj

