=LDR  05708cgm  2200769 a 4500
=001  003424604
=004  003424604
=005  20110228101828.0
=006  m\\\\\\\\z\\\\\\\\
=007  vd\cvaizu
=007  vf\ciahou
=007  cr\cna|||m|||a
=007  vd\cvaizu
=007  cr\|||||||||||
=008  110224e200210uuck\079\\\\\\\\\\\\vlspa\d
=024  7\$aHI2007_241_01$2nyu-hidvl
=024  7\$aHI2007_242_01$2nyu-hidvl
=024  7\$aHI2007.241_01$2nyu-hidvl
=024  7\$aHI2007.242_01$2nyu-hidvl
=040  \\$aNNU$beng$cNNU
=041  0\$aspa
=043  \\$as-ck---
=079  \\$a(OCoLC)878609716
=245  00$aMuelle oeste$h[videorecording] =$bWest pier = Quai ouest /$cMapa Teatro, VIII Festival Iberoamericano de Teatro de Bogotá, Embajada de Francia, AFAA, Alianza Francesa, José Ignacio Rincón, producers ; Rolf Abderhalden, Heidi Abderhalden, directors ; Bernard-Marie Koltès, writer.
=246  31$aWest pier
=246  31$aQuai ouest
=260  \\$c2002 Oct.
=300  \\$3viewing copy.$a2 videodiscs of 2 (DVD) (79 min.: pt.1, 62 min.; pt.2, 17 min.) :$bsd., col. ;$c4 3/4 in.
=300  \\$3master.$a2 videocassettes of 2 (Digital Betacam) (79 min.) :$bsd., col. ;$c1/2 in.
=490  1\$aMapa Teatro : Laboratorio de Artistas collection
=538  \\$aDVD; NTSC.
=530  \\$aAlso available online as streaming video.
=546  \\$aIn Spanish.
=500  \\$aTitle supplied by Hemispheric Institute.
=500  \\$aPart of the Hemispheric Institute Digital Video Library.
=534  \\$pMedia source original:$e2 videocassettes of 2 (Mini DV) : sd., col. ; 1/4 in. SP.$mPanasonic DVM60.
=518  \\$aPerformed at Teatro Colón, Bogotá, Colombia, in October 2002.
=508  \\$aRolf Abderhalden, translation ; Heidi Abderhalden, cast director ; Rolf Abderhalden, José Ignacio Rincón, visual concept ; Carlos Benavides 'Champi', music ; Nathalie Lerat, lighting ; Elizabeth Abderhalden, costumes ; Juan Carlos Dávila, photography.
=511  1\$aJairo Camargo, Julián Díaz, Walter Luengas, Lucy Martínez, Mauricio Navas, María Adelaida Puerta, Diego Trujillo, Ana María Vallejo, performers.
=520  \\$aIn 2001, Rolf Abderhalden of Mapa Teatro was invited by the French Academie Experimentale des Theatres and Anatoli Vassiliev to stage Bernard Marie Koltès' 'Quai Ouest' with Russian actors in the framework of the World Olympics of Theater celebrated in Moscow. The following year, he staged another version in Bogotá. 'Muelle Oeste' tells the story of a random meeting of eight dispossessed people in a warehouse on a pier in a major Western port city (Koltès was inspired by a visit to New York City). Each one of the characters in this underworld is, in their own eyes, subjected to the trading of their needs and desires, holding on to the tatters of their civilized ways. In this production, the architectonic richness of the Teatro Colón in Bogotá provides the conditions of possibility to represent, spatially, each of the eight points of views at play in 'Muelle Oeste' - eight worldviews from eight characters who, uprooted from their homelands, their communities and their ways of life, will negotiate with whatever they got left in order to fulfill their unavoidable fate.
=520  \\$aOne of the foremost artistic companies in Colombia, Mapa Teatro (www.mapateatro.org) has been producing theater, performance and art installation projects since 1984. Founders and directors, Rolf and Heidi Abderhalden have created a wide ranging repertoire of theater, opera, mixed-media performance, and site-specific installation. Their work proposes richly textured visual metaphors in which they consider often complex psychological, social and political relationships. Committed to experimentation, and less interested in the actor as an 'agent of fiction,' they describe their project as 'a laboratory of social imagination,' that offers a space for presenting community issues and human concerns in media and performance. This combination of real-life situations and sites along with highly stylized aesthetic staging produces a tension between real action and (re)presentation. Mapa Teatro draws from live events captured on video such as the demolition of a neighborhood in Bogotá, ritual practice, and texts that explore the relationship of postmodern subjects, myth and metaphor. Mapa Teatro has performed by commissions, festivals and collaborative projects world-wide.
=540  \\$aThere are copyright restrictions on this collection. For more information, go to the online version of this video.
=600  10$aKoltès, Bernard-Marie.$tQuai ouest.
=650  \0$aPoverty$xSocial aspects.
=650  \0$aEviction.
=650  \0$aTheater$zColombia$zBogotá.
=650  \0$aPerforming arts$zColombia$zBogotá.
=655  \7$aPerformance.$2nyu-hidvl
=655  \7$aTheater.$2nyu-hidvl
=655  \7$aExperimental theater$2nyu-hidvl
=700  1\$aCortés, Rolf Abderhalden.$4drt
=700  1\$aCortés, Heidi Abderhalden.$4drt
=700  1\$aKoltès, Bernard-Marie.$tQuai ouest.
=700  1\$aRincón, José Ignacio.$4pro
=710  2\$aMapa Teatro.$4pro
=710  1\$aFrance.$bAmbassade (Colombia)$4pro
=710  2\$aAssociation française d'action artistique.$4pro
=710  2\$aAlliance française.$4pro
=710  2\$aHemispheric Institute Digital Video Library.
=711  2\$aFestival Iberoamericano de Teatro$n(8th :$d2002 :$cBogotá, Colombia)
=830  \0$aMapa Teatro : Laboratorio de Artistas collection.
=853  00$81$apt.
=863  \\$81.1$a1
=863  \\$81.2$a2
=856  40$uhttp://hdl.handle.net/2333.1/s4mw6nmt

