=LDR  04070cgm a2200577 a 4500
=001  001060717
=003  NNU
=004  NYUb12878929
=005  20090409162045.0
=006  m\\\\\\\\z\\\\\\\\
=007  vd|cvaizu
=007  vf|ciahou
=007  vd|cvaizu
=007  cr\|||||||||||
=008  031014e200207uupe\045\\\\\\\\\\\\vleng\d
=024  7\$aHI2004_027_01$2nyu-hidvl
=024  7\$aHI2004.027_01$2nyu-hidvl
=040  \\$aNNU$cNNU$eamim
=245  00$aEleonora Fabião$h[videorecording] :$bThe giro piece.
=246  30$aGiro piece
=260  \\$c2002 July.
=300  \\$3viewing copy.$a1 videodisc of 1 (DVD) (45 min.) :$bsd., col. ;$c4 3/4 in.
=300  \\$3master.$a1 videocassette of 1 (Digital Betacam) (45 min.) :$bsd., col. ;$c1/2 in.
=530  \\$aAlso available online as streaming video.
=500  \\$aTitle supplied by Hemispheric Institute.
=500  \\$aPart of the Hemispheric Institute Digital Video Library.
=534  \\$pMedia source original:$e1 videocassette of 1 (Mini DV): sd., col. ; 1/4 in.$mPanasonic MiniDV.
=518  \\$aPerformed in Lima, Peru, in July 2002, as part of the Third Annual Hemispheric Institute Seminar entitled Globalization, Migration and the Public Sphere.
=508  \\$aHemispheric Institute of Performance and Politics, producer ; Eleonora Fabião, creator ; Nadia Baram, videographer.
=511  0\$aEleonora Fabião, performer.
=520  \\$aVideo documentation of Eleonora Fabiãos solo dance performance The Giro Piece presented as part of the 3rd Encuentro of the Hemispheric Institute of Performance and Politics, celebrated in July of 2002 in Lima, Peru under the title Globalization, Migration and the Public Sphere. Eleonora Fabiãos Giro Piece is a dance performance, an installation, a scream claiming attention to the body immersed in present times. An awakening call to the body led by, and oppressed by, globalization. Fabião explains, The experience of being a world citizen in the era of globalization produces on me, among many advantages and benefits, a disturbing vertigo, a certain existential dizziness. I am permanently experiencing a tension provoked by the expansion of my body through all communication and transportation systems, and the dispersion of my self while perceiving the vast-virtual worlds web. There is a centrifugal force expanding the body towards space and time, and a centripetal force condensing body and space in a timeless state. Giro Piece is a performance art work that investigates these issues using maps (all kinds: sky maps, world maps, human body maps, subway maps),four televisions, saliva, a dress, a woman-performer and the spectators presence and movement. Performance artist and theorist Eleonora Fabião focuses strongly on the relationship between the audience and performer, using co-labor-a(c)tion to break down the standard active-passive dichotomy. The main thrust of her work is directed towards an exploration of the poetic body and its creative, political and communicative abilities.
=540  \\$aThere are copyright restrictions on this collection. For more information, go to the online version of this video.
=650  \0$aGlobalization.
=650  \0$aSelf.
=650  \0$aMind and body.
=653  \\$aGlobalization and the body
=655  \7$aPerformance.$2nyu-hidvl
=655  \7$aPerformance art.$2nyu-hidvl
=655  \7$aPerformance/Installation.$2nyu-hidvl
=655  \7$aOne-person shows (Performing arts)$2nyu-hidvl
=700  1\$aFabião, Eleonora.$4cre$4prf$4dnc
=700  1\$aBaram, Nadia.$4vdg
=710  2\$aHemispheric Institute of Performance and Politics.$4pro
=710  2\$aHemispheric Institute Digital Video Library.
=711  2\$aHemispheric Institute Encuentro$n(3rd :$d2002 :$cLima, Peru).$tGlobalization, migration and the public sphere.
=856  40$uhttp://hdl.handle.net/2333.1/pc866t6j

