=LDR  04288cgm a22006495a 4500
=001  000513981
=003  NNU
=004  NYUb13502676
=005  20071210173430.0
=006  m\\\\\\\\z\\\\\\\\
=007  vd\cvaizu
=007  vf\ciahou
=007  cr\cna
=007  cr\|||||||||||
=008  070606s2002\\\\pr\062\\\\\\\\\\\\vlspa\d
=024  7\$aHI2007_024_01$2nyu-hidvl
=024  7\$aHI2007.024_01$2nyu-hidvl
=035  \\$a(NYU)NYUb13502676
=040  \\$aNNU$cNNU$eamim
=043  \\$anwpr---
=245  00$aInfarto$h[videorecording].
=246  31$aHeart attack
=260  \\$c2002.
=300  \\$3master.$a1 videocassette of 1 (Digital Betacam) (62 min.) :$bsd., col. ;$c1/2 in.
=300  \\$3viewing copy.$a1 videodisc of 1 (DVD) (62 min.) :$bsd., col. ;$c4 3/4 in.
=490  1\$aTeresa Hernández video collection
=530  \\$aAlso available online as streaming video.
=546  \\$aIn Spanish.
=500  \\$aTitle supplied by Hemispheric Institute.
=500  \\$aPart of the Hemispheric Institute Digital Video Library.
=534  \\$pMedia source original:$e1 videocassette of 1 (VHS) : sd., col. ; 1/2 in. SP.$mT-90.
=518  \\$aPerformed in San Juan, Puerto Rico, in 2002.
=508  \\$aTeresa Hernández, producer, director, overall concept ; Producciones Teresa, no inc., producer.
=511  1\$aTeresa Hernández, Eduardo Alegría, Yamil Collazo.
=520  \\$aTeresa Hernández is a Puerto Rican stage artist. Since 1987 she has written, directed and performed contemporary theater and dance, both in Puerto Rico's commercial and experimental art scenes. Along with choreographer Viveca Vázquez, she directs and administers the Taller de Otra Cosa, Inc., a nonprofit organization committed to the development and production of experimental dance and performance projects. As a solo artist, she produces her work since 1991 through her organization "Producciones Teresa, no inc.". She also offers workshops, talks and performance demonstrations for high school and college students. Teresa's creative projects are characterized by a consistent eschewing of traditional artistic categories. An excellent example and exploration of her experimental, alternative work is "Infarto" ("Heart Attack"), where theater, dance, performance, dramatic text, movement, costumes, video, animation, projections, music and everyday objects are juxtaposed and confronted, placed in a liminal space where notions of precariousness are explored and celebrated. Along with fellow experimental performers Eduardo Alegría and Yamil Collazo, Teresa exposes the struggles, anxieties and exploits of being experimental artists in Puerto Rico. Forced migration, bigotry, lack of available spaces and proper funding, and the pressure to define their work within fixed boundaries of traditional art forms all pose a daily threat to artists, who metaphorically "infartan" due to these social, political and economic conditions. In turn, the artists celebrate precariousness, the unpolished work of art, the slippery path between disciplines, embracing affect and humor to assert publicly that their work is "a different kind of performance" : "lo mío es otro teatro".
=540  \\$aThere are copyright restrictions on this collection. For more information, go to the online version of this video.
=650  \0$aPerforming arts$zPuerto Rico.
=650  \0$aWomen in the performing arts$zPuerto Rico.
=651  \0$aPuerto Rico$xSocial conditions.
=653  \\$aExperimental artists
=655  \7$aPerformances.$2nyu-hidvl
=655  \7$aTheater.$2nyu-hidvl
=655  \7$aMultimedia performance.$2nyu-hidvl
=655  \7$aExperimental performing arts.$2nyu-hidvl
=655  \7$aPerformances (entertainment events).$2aat
=655  \7$aPerformance art.$2aat
=655  \7$aTheater (discipline).$2aat
=655  \7$aMultimedia works.$2aat
=700  1\$aHernandez, Teresa.$4pro$4drt$4cre$4prf
=710  2\$aProducciones Teresa.$4pro
=710  2\$aHemispheric Institute Digital Video Library.
=830  \0$aTeresa Hernández video collection.
=856  40$uhttp://hdl.handle.net/2333.1/5dv41nz0

