=LDR  04582cgm a2200685 a 4500
=001  000549773
=003  NNU
=004  NYUb13541633
=005  20080410101429.0
=006  m\\\\\\\\z\\\\\\\\
=007  vd\cvaizu
=007  vf\ciahou
=007  cr\cna
=007  cr\|||||||||||
=008  071003s2002\\\\pr\053\\\\\\\\\\\\vlspa\d
=024  7\$aHI2007_185_01$2nyu-hidvl
=024  7\$aHI2007.185_01$2nyu-hidvl
=035  \\$a(NYU)NYUb13541633
=040  \\$aNNU$cNNU$eamim
=041  0\$aspa
=043  \\$anwpr---
=245  00$aCloche y el cuervo II$h[videorecording] :$bel regreso.
=260  \\$c2002.
=300  \\$3master.$a1 videocassette of 1 (Digital Betacam) (53 min.) :$bsd., col. ;$c1/2 in.
=300  \\$3viewing copy.$a1 videodisc of 1 (DVD) (53 min.) :$bsd., col. ;$c4 3/4 in.
=490  1\$aDeborah Hunt / MASKHUNT collection.
=530  \\$aAlso available online as streaming video.
=546  \\$aIn Spanish.
=500  \\$aTitle supplied by Hemispheric Institute.
=500  \\$aPart of the Hemispheric Institute Digital Video Library.
=534  \\$pMedia source original:$e1 videocassette of 1 (Mini DV) : sd., col. ; 1/4 in. SP.$mSony DVM60.
=518  \\$aPerformed at the Law School theater, Universidad Interamericana, San Juan, Puerto Rico, in 2002.
=508  \\$aDeborah Hunt, producer, script, montage, director, costume design ; MASKHUNT, Inc., producer ; Producciones Saltoaloalto, producer ; Nikki Byrd, Deborah Hunt, film sequences direction ; Nikki Byrd, director of photography, film camera, editor ; Kambui Olujimi, assistant film director, light design & technical consultant ; Deborah Hunt and MASKHUNT performers, masks and performing objects ; Rafael Acevedo, translation ; Estudio H y Lazarte, sound ; Dama Estrada, film projection operator ; Carlos Mera, Liliana Duluc, light technicians.
=511  1\$aDeborah Hunt (performer and film actor), Guie Beeu Guerrero (performer and film actor), Mila Aponte, Sara Sanabia, Nikki Byrd, Joán Acosta, Ana Lespier, Liliana Duluc (voice of Cloche), Rafael Acevedo (voice of the crows).
=520  \\$aThe experimental multimedia mask-and-puppet theater piece 'Cloche y el Cuervo II: El Regreso' is a reply to Deborah Hunt's 'Cloche y el Cuervo' the story of an unlikely hero. Cloche, who receives a letter, is propelled along a bizarre journey where his alter egos take the form of seductively malicious crows bent on his destruction. The audience of the first piece liked the crows more than Cloche. Hunt thought they had missed the point so she and her troupe filmed the crow characters in black and white and created seven Cloches.and their revenge or rather counterbattle. Deborah Hunt is a maskmaker, puppeteer and performance artist with 35 years experience in the creation and presentation of original theater and performance works. She has worked in New Zealand, USA, England, Mexico, Central America, Puerto Rico, British Windward Islands, Argentina, Denmark, Norway, Belgrade, Venezuela, Cuba, Spain, Singapore, Australia, and has been working bilingually (English/Spanish) since 1985. Hunt also teaches puppetry and maskwork, offering intensive laboratories lasting from a weekend to nine-months long. Born in New Zealand, residing in Puerto Rico since 1990, she is a member of the Magdalena Project and the Founder and Artistic Director of MASKHUNT Inc, theater of the futile.
=540  \\$aThere are copyright restrictions on this collection. For more information, go to the online version of this video.
=650  \0$aPerforming arts$zPuerto Rico.
=650  \0$aPuppet theater$zPuerto Rico.
=650  \0$aMask makers$zPuerto Rico.
=650  \0$aExperimental theater$zPuerto Rico.
=650  \0$aEgo (Psychology)
=653  \\$aAlter ego
=655  \7$aPerformance.$2nyu-hidvl
=655  \7$aTheater.$2nyu-hidvl
=655  \7$aMask performance.$2nyu-hidvl
=655  \7$aPuppet theater.$2nyu-hidvl
=655  \7$aExperimental theater.$2nyu-hidvl
=655  \7$aMultimedia performance.$2nyu-hidvl
=700  1\$aHunt, Deborah.$4aut$4pro$4drt$4cst$4prf
=700  1\$aByrd, Nikki.$4drt$4flm$4prf
=700  1\$aOlujimi, Kambui.$4drt$4flm$4lgd
=710  2\$aMASKHUNT, Inc.$4pro
=710  2\$aProducciones Saltoaloalto.$4pro
=710  2\$aHemispheric Institute Digital Video Library.
=830  \0$aDeborah Hunt / MASKHUNT collection.
=856  40$uhttp://hdl.handle.net/2333.1/00000056

