=LDR  04437ngm a2200505 a 4500
=001  003305739
=004  003305739
=005  20100221130628.0
=006  m\\\\\\\\z\\\\\\\\
=007  vd\cvaiz|
=007  cr\cna|||m|||a
=007  vd\cvaiz|
=007  cr\|||||||||||
=008  100219e20021001nyu008\\\\\\\\\\\\vleng\d
=024  7\$aHI2009_010_01$2nyu-hidvl
=024  7\$aHI2009.010_01$2nyu-hidvl
=040  \\$aNNU$beng$cNNU
=079  \\$a(OCoLC)607285303
=245  00$aInterview with André Lepecki$h[videorecording] :$bwhat is performance studies?
=246  3\$aAndré Lepecki
=260  \\$c2002 Oct. 1.
=300  \\$3viewing copy.$a1 videodisc of 1 (DVD) (8 min.) :$bsd., col. ;$c4 3/4 in.
=490  1\$aInterview series : What is performance studies?
=500  \\$aTitle supplied by Hemispheric Institute.
=500  \\$aPart of the Hemispheric Institute Digital Video Library.
=518  \\$aFilmed in New York, NY, on October 1, 2002.
=508  \\$aHemispheric Institute of Performance and Politics, producer.
=511  0\$aAndré Lepecki, interviewee ; Diana Taylor, interviewer.
=520  \\$aInterview with André Lepecki, conducted by Diana Taylor, director and founder of the Hemispheric Institute of Performance and Politics. This interview is a part of a series curated by the Hemispheric Institute, articulated around the question 'What is Performance Studies?' The series aims to provide a multifaceted approach to the often difficult task of defining the coordinates of both a field of academic study as well as a lens through which to assess and document cultural practice and embodied behavior. The contingent definitions documented in this series are based on the groundbreaking experiences and the scholarly endeavors of renowned figures in contemporary performance studies and practice.
=520  \\$aAndré Lepecki (1965) is a curator, dramaturg, writer, and co-creator based in New York city. Currently he is Associate Professor in Performance Studies at New York University where he teaches courses on critical theory, continental philosophy, performance studies, dance studies, and experimental dramaturgy. He graduated in cultural anthropology at the New University of Lisbon and obtained his Masters and Doctoral degrees in Performance Studies at NYU. In the 1980s he was dramaturg for choreographers Vera Mantero and João Fiadeiro; in the 1990s, for Meg Stuart and Damaged Goods. He co-directed with Bruce Mau the video-installation STRESS (Wien, 2000) and, with Rachael Swain, the video-installation proXy (Sydney, 2003). With Eleonora Fabião he co-created the performance series Wording (2004-2006). He is currently curating and directing a remaking of Allan Kaprow’s 18 Happenings in 6 Acts, for Haus der Kunst, Munich. He has curated events for Haus der Kulturen der Welt (Berlin), and Tanz in August (Berlin). He has lectured at Leuven University, Brown University, Tate Modern, TanzQuartier, World Cultural Forum, among other venues in Europe, the US, Australia, and Brazil. He contributes regularly for several art publications in the US, Brazil, and Europe, including The Drama Review, Art Forum, Performance Research, Contact Quarterly, Theaterschrift, Nouvelles de Danse, among others. He is member of the editorial boards of Dance Theatre Journal, e-mispherica, and Performance Research. He is editor of the anthologies Of the Presence of the Body (2004) and The Senses in Performance (with Sally Banes, 2006). He is the author of Exhausting Dance: performance and the politics of movement (2006).
=530  \\$aAlso available online as streaming video.
=534  \\$pMedia source original:$e1 videocassette of 1 (Mini DV) : sd., col. ; 1/4 in. SP.$mPanasonic DVC60
=540  \\$aThere are copyright restrictions on this collection. For more information, go to the online version of this video.
=600  10$aLepecki, André$vInterviews.
=650  \0$aPerforming arts$xStudy and teaching.
=653  \\$aPerformance studies.
=655  \7$aInterview.$2nyu-hidvl
=700  1\$aLepecki, André$4ive
=700  1\$aTaylor, Diana,$d1950-$4ivr
=710  2\$aHemispheric Institute of Performance and Politics.$4pro
=710  2\$aHemispheric Institute Digital Video Library.
=830  \0$aInterview series : What is performance studies?
=856  40$uhttp://hdl.handle.net/2333.1/ghx3ffzd

