=LDR  05806cgm a2200745 a 4500
=001  000539746
=003  NNU
=004  NYUb13530862
=005  20080407110118.0
=006  m\\\\\\\\z\\\\\\\\
=007  vd\cvaizu
=007  vf\ciahou
=007  cr\cna
=007  cr\|||||||||||
=008  070830e20020419pr\059\\\\\\\\\\\\vlspa\d
=024  7\$aHI2007_086_01$2nyu-hidvl
=024  7\$aHI2007_087_01$2nyu-hidvl
=024  7\$aHI2007.086_01$2nyu-hidvl
=035  \\$a(NYU)NYUb13530862
=040  \\$aNNU$cNNU$eamim
=041  0\$aspa
=043  \\$anwpr---
=245  00$aFoto-estáticas$h[videorecording].
=260  \\$c2002 Apr. 19.
=300  \\$3master.$a2 videocassettes of 2 (Digital Betacam) (59 min.) :$bsd., col. ;$c1/2 in.
=300  \\$3viewing copy.$a2 videodiscs of 2 (DVD) (59 min. : pt.1, 41 min. ; pt.2, 18 min.) :$bsd., col. ;$c4 3/4 in.
=490  1\$aRosa Luisa Márquez and theater collaborators
=530  \\$aAlso available online as streaming video.
=546  \\$aIn Spanish.
=500  \\$aTitle supplied by Hemispheric Institute.
=500  \\$aPart of the Hemispheric Institute Digital Video Library.
=534  \\$pMedia source original:$e2 videocassettes of 2 (Mini DV) : sd., col. ; 1/4 in. SP.$mPanasonic DVM60/90 ME.
=518  \\$aPerformed at Centro de Bellas Artes Luis A. Ferré, San Juan, Puerto Rico, on Apr. 19, 2002.
=508  \\$aAndanza, Compañía Puertorriqueña de Danza Contemporánea, Inc., producer ; Rosa Luisa Márquez, Antonio Martorell, directors ; Andanza, choreographic version ; Lolita Villanúa, artistic director ; based on drawings by Antonio Martorell ; Antonio Martorell, set & costume design ; Luis Amed Irizarry, Omar Silva, music ; Jorge Ramírez, lighting design ; Miguel Villafañe, videographer.
=511  1\$aLolita Villanúa, Vesna Lantigua, Roberto López, Olaya Muentes, Ivelisse Negrón, María Teresa Robles, Rodney Rivera, Carlos Iván Santos, Armando Seda, Rosa Luisa Márquez, Antonio Martorell ; Luis Amed Irizarry, Omar Silva (musicians).
=520  \\$aRosa Luisa Márquez (www.marquezmartorell.org) is a Puerto Rican theater artist and pedagogue. Founding member of the theater group Anamú in 1971, she holds a Master's degree from New York University and a Doctorate from Michigan State University; she specializes in contemporary theater. Rosa Luisa started her teaching career at the Theater department of the University of Puerto Rico in 1978. She developed the current curriculum of Drama Activities, which she teaches in her workshops at schools, prisons, rehab centers, women's shelters, nursing homes and community centers. Her directing projects include 'Romeo(s) y Julieta(s),' 'Historias para ser Contadas,' 'La Leyenda del Cemí,' 'Procesión,' 'Waiting for Godot,' 'Jardín de Pulpos,' 'Absurdos en Soledad,' 'El León y la Joya,' among others. In conjunction with Puerto Rican visual artist Antonio Martorell, she created the concept of Itinerant Performers (1987-1990) resulting in twelve productions. Published books include 'Brincos y saltos: el juego como disciplina teatral' and 'Historias para ser contadas, montaje de Rosa Luisa Márquez.' She is a member of the board of directors and pedagogical team for the EITALC's International School of Latin American and Caribbean Theater. Ongoing artistic collaborators include Gilda Navarra and Antonio Martorell (Puerto Rico), Grupo Malayerba (Ecuador), Grupo Yuyachkani (Peru), and directors Peter Shumann (Bread & Puppet Theater, U.S.A.) and Augusto Boal (Theater of the Oppressed, Brazil). This video documents a choreographic version of 'Foto-Estáticas.' A collaboration between Márquez and renowned Puerto Rican artist Antonio Martorell, the piece was originally created in 1985 with students of the course Drama Activities at the University of Puerto Rico (Humacao campus) as a performance to complement Martorell's art show 'Álbum de Familia' (Family Album). The piece has since then been restaged several times by the Teatreros Ambulantes de Cayey, touring internationally. The present iteration of the piece is a choreographic version created in collaboration with Puerto Rican contemporary dance company Andanza, directed by Lolita Villanúa. Before the piece starts, the audience is invited to join the artists onstage in creating the characteristic costumes of 'Foto-Estáticas,' an array of garments and props made out of recycled newsprint.
=540  \\$aThere are copyright restrictions on this collection. For more information, go to the online version of this video.
=650  \0$aPerforming arts$zPuerto Rico.
=650  \0$aTheater$zPuerto Rico.
=650  \0$aExperimental theater$zPuerto Rico.
=650  \0$aModern dance$zPuerto Rico.
=650  \0$aDance$zPuerto Rico.
=653  \\$aCollaborative creation
=655  \7$aPerformance.$2nyu-hidvl
=655  \7$aExperimental theater.$2nyu-hidvl
=655  \7$aContemporary dance.$2nyu-hidvl
=655  \7$aExperimental performing arts.$2nyu-hidvl
=655  \7$aCollective creation.$2nyu-hidvl
=655  \7$aPuerto Rican visual arts.$2nyu-hidvl
=700  1\$aMárquez, Rosa Luisa.$4drt$4prf
=700  1\$aMartorell, Antonio,$d1939-$4drt$4art$4std$4prf
=700  1\$aVillanúa, Lolita.$4drt$4prf
=710  2\$aAndanza (Dance company)$4pro$4chr
=710  2\$aCentro de Bellas Artes de Puerto Rico.
=710  2\$aHemispheric Institute Digital Video Library.
=830  \0$aRosa Luisa Márquez and theater collaborators.
=856  40$uhttp://hdl.handle.net/2333.1/n02v6x6c
=853  00$81$apt.
=863  50$81.1$a1$p31142045977330
=863  50$81.2$a2$p31142045977348
=954  \\$81$aVolumes

