=LDR  03431cgm a2200433 a 4500
=001  003964072
=005  20151102102511.0
=006  m\\\\\\\\c\\\\\\\\
=007  cr\cna|||m|||a
=007  cr\|||||||||||
=008  140310s2002\\\\nyu012\\\\\\\\s\\\vlspa\d
=024  7\$aHI2013_018_01$2nyu-hidvl
=040  \\$aNNU$beng$cNNU
=041  0\$aspa
=245  00$aInterview with Jesús Martín Barbero$h[videorecording] :$bwhat is performance studies? /$cHemispheric Institute of Performance and Politics, producer.
=246  30$aJesús Martín Barbero
=260  \\$c2002.
=300  \\$3viewing copy.$astreaming video (11 min., 6 sec.) :$bsd., col.
=490  1\$aInterview series : What is performance studies?
=546  \\$aIn Spanish.
=500  \\$aTitle supplied by Hemispheric Institute.
=500  \\$aPart of the Hemispheric Institute Digital Video Library.
=518  \\$aRecorded in New York City, USA, in 2002.
=511  0\$aJesús Martín Barbero, interviewee ; Diana Taylor, interviewer.
=520  \\$aInterview with Jesús Martín Barbero, conducted by Diana Taylor, founding director of the Hemispheric Institute of Performance and Politics. This interview is a part of a series curated by the Hemispheric Institute, articulated around the question 'What is Performance Studies?' The series aims to provide a multifaceted approach to the often difficult task of defining the coordinates of both a field of academic study as well as a lens through which to assess and document cultural practice and embodied behavior. The contingent definitions documented in this series are based on the groundbreaking experiences and the scholarly endeavors of renowned figures in contemporary performance studies and practice.
=520  \\$aJesús Martín Barbero is a semiologist, anthropologist, philosopher, and specialist in communication and media who has produced important theoretical work on the topic of postmodernity in Latin America. His contributions include his analysis of culture as a web of mediations, the semiological study of globalization, the alienating function of the local media, and the function of telenovelas in Latin America. He has been the president of the ALAIC (Asociación Latinoamericana de Investigadores de la Comunicación- Latin American Association of Communications Researchers) and a member of the Advisory Committee of the FELAFACS (Federación Latinoamericana de Facultades de Comunicación Social- Latin American Federation of Schools for Social Communication). He is a member of the Comité Científico de Infoamérica (Scientific Committee of Infoamérica).
=534  \\$pMedia source original:$e1 videocassette of 1 (VHS) : sd., col. ; 1/2 in. SP.$mSony Premium DVM60-ME.
=540  \\$aThere are copyright restrictions on this collection. For more information, go to the online version of this video.
=600  10$aMartín B., Jesús$q(Martín Barbero)$vInterviews.
=650  \0$aPerforming arts$xStudy and teaching.
=653  \\$aPerformance studies.
=655  \7$aInterview.$2nyu-hidvl
=700  1\$aMartín B., Jesús$q(Martín Barbero)$4ive
=700  1\$aTaylor, Diana,$d1950-$4ivr
=710  2\$aHemispheric Institute of Performance and Politics.$4pro
=710  2\$aHemispheric Institute Digital Video Library.
=830  \0$aInterview series : What is performance studies?
=856  40$uhttp://hdl.handle.net/2333.1/gb5mkp5f

