=LDR  04410cgm  22006495a 4500
=001  000513581
=003  NNU
=004  NYUb13502255
=005  20080321103143.0
=006  m\\\\\\\\z\\\\\\\\
=007  vd\cvaizu
=007  vf\ciahou
=007  cr\cna
=007  cr\|||||||||||
=008  070605s2002\\\\nyu023\\\\\\\\\\\\vleng\d
=024  7\$aHI2007_008_01$2nyu-hidvl
=024  7\$aHI2007.008_01$2nyu-hidvl
=035  \\$a(NYU)NYUb13502255
=040  \\$aNNU$cNNU$eamim
=043  \\$an-us-ny$an-us---
=245  04$aThe experimental walking tour$h[videorecording].
=246  30$aWalking tour
=260  \\$c2002.
=300  \\$a1 videocassette of 1 (Digital Betacam) (23 min.) :$bsd., col. ;$c1/2 in.$3master.
=300  \\$a1 videodisc of 1 (DVD) (23 min.) :$bsd., col. ;$c4 3/4 in.$3viewing copy.
=490  1\$aCircus Amok collection
=530  \\$aAlso available online as streaming video.
=500  \\$aTitle supplied by Hemispheric Institute.
=500  \\$aPart of the Hemispheric Institute Digital Video Library.
=534  \\$pMedia source original:$e1 videocassette of 1 (Mini DV) : sd., col. ; 1/4 in. SP.$mSony DVM60.
=518  \\$aPerformed in New York City in 2002.
=508  \\$aCircus Amok, producer ; Jennifer Miller, producer, director.
=511  1\$aCircus Amok, Jennifer Miller.
=520  \\$aVideo documentation of Circus Amok's show, 'The Experimental Walking Tour,' performed in 2002 in diverse New York City parks, squares and other public spaces. This video shows a composite of the diverse performances given by the troupe, showing the diversity of outdoor spaces and audience members that frame and share the experience of the Circus. 'The Walking Tour' exposes the social implications and political controversies surrounding the implementation of the U.S. Patriot Act, as well as the environment of fear, paranoia, persecution, surveillance, and questionable patriotism resulting from the political climate in the United States after the events of September 11, 2001. The resulting itinerant performance is an open call for critical thinking and civic empowerment, a joyful extravaganza of acrobatic artistry, satiric skill, and good old-fashioned circus fun. Circus Amok (www.circusamok.org) is a New York City based circus-theater company whose mission is to provide free public art addressing contemporary issues of social justice to the people of NYC. Directed and founded by Jennifer Miller, the group has been together since 1989 bringing its funny, queer, caustic and sexy, political one-ring spectacles to diverse neighborhoods throughout the city. Over the years the traditional circus skills - tight rope walking, juggling, acrobatics, stilt walking, clowning - have been combined with experimental dance, lifesize puppetry, music old and new, and gender-bending performance art and improvisational techniques, creating new meanings for circus while continuing to entertain the crowds of all ages throughout the city streets, gardens, parks, and playgrounds, inviting the audience to join them in envisioning a more empowered life of community interaction while enjoying a queer celebratory spectacle.
=540  \\$aThere are copyright restrictions on this collection. For more information, go to the online version of this video.
=610  10$aUnited States.$tUniting and Strengthening America by Providing Appropriate Tools Required to Intercept and Obstruct Terrorism (USA PATRIOT ACT) Act of 2001
=650  \0$aCircus$zNew York (State)$zNew York.
=650  \0$aStreet theater$zNew York (State)$zNew York.
=650  \0$aGay theater$zNew York (State)$zNew York.
=650  \0$aSocial justice$zUnited States.
=650  \0$aWar on Terrorism, 2001-
=653  \\$aPatriot Act
=653  \\$aPolitical performance
=655  \7$aPerformance.$2nyu-hidvl
=655  \7$aCircus.$2nyu-hidvl
=655  \7$aStreet theater.$2nyu-hidvl
=655  \7$aPolitical performance.$2nyu-hidvl
=655  \7$aQueer performance.$2nyu-hidvl
=700  1\$aMiller, Jennifer,$d1961-$4pro$4drt$4prf
=710  2\$aCircus Amok.$4pro$4prf
=710  2\$aHemispheric Institute Digital Video Library.
=830  \0$aCircus Amok collection.
=856  40$uhttp://hdl.handle.net/2333.1/3n5tb2xw

