=LDR  03912ngm a2200505 a 4500
=001  003305734
=004  003305734
=005  20100221130615.0
=006  m\\\\\\\\z\\\\\\\\
=007  vd\cvaiz|
=007  cr\cna|||m|||a
=007  vd\cvaiz|
=007  cr\|||||||||||
=008  100219e200210uunyu007\\\\\\\\\\\\vleng\d
=024  7\$aHI2009_009_01$2nyu-hidvl
=024  7\$aHI2009.009_01$2nyu-hidvl
=040  \\$aNNU$beng$cNNU
=079  \\$a(OCoLC)607285118
=245  00$aInterview with José Muñoz$h[videorecording] :$bwhat is performance studies?
=246  3\$aJosé Muñoz
=260  \\$c2002 Oct.
=300  \\$3viewing copy.$a1 videodisc of 1 (DVD) (7 min.) :$bsd., col. ;$c4 3/4 in.
=490  1\$aInterview series : What is performance studies?
=500  \\$aTitle supplied by Hemispheric Institute.
=500  \\$aPart of the Hemispheric Institute Digital Video Library.
=518  \\$aFilmed in New York, NY, in October 2002.
=508  \\$aHemispheric Institute of Performance and Politics, producer.
=511  0\$aJosé Muñoz, interviewee ; Diana Taylor, interviewer.
=520  \\$aInterview with José Muñoz, conducted by Diana Taylor, founding director of the Hemispheric Institute of Performance and Politics. This interview is a part of a series curated by the Hemispheric Institute, articulated around the question 'What is Performance Studies?' The series aims to provide a multifaceted approach to the often difficult task of defining the coordinates of both a field of academic study as well as a lens through which to assess and document cultural practice and embodied behavior. The contingent definitions documented in this series are based on the groundbreaking experiences and the scholarly endeavors of renowned figures in contemporary performance studies and practice.
=520  \\$aJosé Esteban Muñoz (born 1967) is an American theorist in the fields of Performance Studies, visual culture, queer theory, cultural studies, and critical theory. He received his undergraduate education at Sarah Lawrence College and his doctorate from the Graduate Program in Literature at Duke University, where he studied under the tutelage of queer theorist Eve Kosofsky Sedgwick. He has written about important artists, performers, and cultural figures including Vaginal Davis, Nao Bustamante, Carmelita Tropicana, Isaac Julien, Kevin Aviance, James Schuyler, and Andy Warhol. His book Disidentifications: Queers of Color and the Performance of Politics (1999) is a foundational text in queer of color critique, and a major contribution to minority scholarship in the field of Performance Studies. He has also co-edited Pop Out: Queer Warhol (1996) with Jennifer Doyle and Jonathan Flatley and Everynight Life: Culture and Dance in Latin/o America (1997) with Celeste Fraser Delgado. His most recent book, Cruising Utopia, was published in Fall 2009 by NYU Press. He is currently completing another book manuscript, Feeling Brown: Ethnicity, Affect, and Performance, which is forthcoming from Duke University.
=530  \\$aAlso available online as streaming video.
=534  \\$pMedia source original:$e1 videocassette of 1 (Mini DV) : sd., col. ; 1/4 in. SP.
=540  \\$aThere are copyright restrictions on this collection. For more information, go to the online version of this video.
=600  10$aMuñoz, José Esteban$vInterviews.
=650  \0$aPerforming arts$xStudy and teaching.
=653  \\$aPerformance studies.
=655  \7$aInterview.$2nyu-hidvl
=700  1\$aMuñoz, José Esteban.$4ive
=700  1\$aTaylor, Diana,$d1950-$4ivr
=710  2\$aHemispheric Institute of Performance and Politics.$4pro
=710  2\$aHemispheric Institute Digital Video Library.
=830  \0$aInterview series : What is performance studies?
=856  40$uhttp://hdl.handle.net/2333.1/m63xsjsw

