=LDR  04808cgm a22007215a 4500
=001  000514250
=003  NNU
=004  NYUb13502965
=005  20071210173430.0
=006  m\\\\\\\\z\\\\\\\\
=007  vd\cvaizu
=007  vf\ciahou
=007  cr\cna
=007  \\vd
=007  cr\|||||||||||
=008  070607e20020317cu\097\\\\\\\\\\\\vlspa\d
=024  7\$aHI2007_034_01$2nyu-hidvl
=024  7\$aHI2007_035_01$2nyu-hidvl
=024  7\$aHI2007.034_01$2nyu-hidvl
=040  \\$aNNU$cNNU$eamim
=043  \\$anwcu---$acl-----
=245  00$aBacantes$h[videorecording].
=246  3\$aBacchae
=260  \\$c2002 Mar. 17.
=300  \\$3master.$a2 videocassettes of 2 (Digital Betacam) (97 min.) :$bsd., col. ;$c1/2 in.
=300  \\$3viewing copy.$a2 videodiscs of 2 (DVD) (97 min. : pt.1, 63 min. ; pt.2, 34 min.) :$bsd., col. ;$c4 3/4 in.
=490  1\$aTeatro Buendía collection
=530  \\$aAlso available online as streaming video.
=546  \\$aIn Spanish.
=500  \\$aTitle supplied by Hemispheric Institute.
=500  \\$aPart of the Hemispheric Institute Digital Video Library.
=534  \\$pMedia source original:$e2 videocassettes of 2 (Mini DV) : sd., col. ; 1/4 in. SP.$mPanasonic DVM60.
=518  \\$aPerformed in La Habana, Cuba, on Mar. 17, 2002.
=508  \\$aTeatro Buendía, producer ; Nuria Núñez, producer ; Flora Lauten, director, music selection ; Raquel Carrió, Flora Lauten, adaptation ; based on Euripides' 'The Bacchae' ; Lourdes Navarro, assistant director ; José Miura, Carlos Repilado, set & costume design ; Alain Ortiz, set design assistant ; Carlos Repilado, lighting design ; Nicolás Navas, lights ; Pavel Marrero, makeup & hair ; Rommy Sánchez , sound ; Carlos Sam, dragon ; .
=511  1\$aBroselianda Hernández, Antonia Fernández, José Antonio Alonso, Carlos Cruz, Juana García, Sándor Menéndez, Alejandro Alfonzo, Luis Alberto Alonso, Leandro Sen, Indira Valdés, Yurelis González, Sarimé Álvarez, Dania Aguerreberrez, Margarita Milián, Dayana Contreras, Cheryl Saldívar, Jomary Hechavarría (musician), Vidal Ricardo la Barca (musician).
=520  \\$a"The land is dry, the land is dead": such is the recurring theme in this new version of Euripides' "The Bacchae" by Raquel Carrió and Flora Lauten. Structured in fifteen "cuadros", this new version proposes a contemporary reading of the classic play, turning our attention from the original's preoccupation with guilt and punishment, towards an exploration of the themes and conflicts of exile, migration, the mechanisms of power, popular traditions, and the myths that have been with us from Antiquity to the present. Teatro Buendía, formed in 1986 by graduates from the Higher Institute of Arts, Havana, and directed by Flora Lauten, is Cuba's most celebrated theater company. Since its foundation, they have developed two parallel lines of work: the production of theater spectacles, and a permanent research center investigating Latin American and Caribbean cultural traditions, the expressive possibilities of the actor, and the renewal of scenic languages. The study of the possible relations between music, dance, and interpretation, as well as the formulation of new forms of scenic writing and dramaturgy of the spectacle, have consolidated Teatro Buendía's international prestige as a company that has presented their repertoire in the most demanding festivals and venues of Latin America, Europe, North America, Asia, Africa and Australia, all to critical acclaim. They also tour internationally giving workshops, seminars and conferences on their cultural investigations and creative methods.
=540  \\$aThere are copyright restrictions on this collection. For more information, go to the online version of this video.
=600  00$aEuripides.$tBacchae.
=650  \0$aPerforming arts$zCuba.
=650  \0$aTheater$zCuba.
=655  \7$aPerformance.$2nyu-hidvl
=655  \7$aTheater.$2nyu-hidvl
=655  \7$aCuban theater.$2nyu-hidvl
=655  \7$aPerformances (entertainment events).$2aat
=655  \7$aPerformance art.$2aat
=655  \7$aTheater (discipline).$2aat
=700  1\$aNúñez, Nuria.$4pro
=700  1\$aLauten, Flora.$4drt$4adp
=700  1\$aCarrió Ibietatorremendía, Raquel.$4adp
=700  0\$aEuripides.$tBacchae.
=710  2\$aTeatro Buendía.
=710  2\$aHemispheric Institute Digital Video Library.
=830  \0$aTeatro Buendía collection.
=853  00$81$apt.
=863  50$81.1$a1$p31142045845537
=863  50$81.2$a2$p31142045845545
=856  40$uhttp://hdl.handle.net/2333.1/mgqnk9k8
=954  \\$81$aVolumes

