=LDR  05117cgm a2200601 a 4500
=001  000117773
=003  NNU
=005  20100302172639.0
=006  m\\\\\\\\z\\\\\\\\
=007  vd|czaizu
=007  vf|ciahou
=007  vd|czaizu
=007  cr\|||||||||||
=008  050901e200207uupe\019\\\\\\\\\\\\vleng\d
=024  7\$aHI2004_017_02$2nyu-hidvl
=024  7\$aHI2004.017_02$2nyu-hidvl
=035  \\$a(NYU)NYUb13088427
=040  \\$aNNU$cNNU$eamim
=079  \\$a(OCoLC)607204636
=245  00$aGigi Otálvaro-Hormillosa$h[videorecording] :$bCosmic blood.
=246  30$aCosmic blood
=260  \\$c2002 July.
=300  \\$3viewing copy.$a1 videodiscs of 1 (DVD) (19 min.) :$bsd., col. ;$c4 3/4 in.
=300  \\$3master.$a1 videocassettes of 1 (Digital Betacam) (19 min.) :$bsd., col. ;$c1/2 in.
=530  \\$aAlso available online as streaming video.
=500  \\$aTitle supplied by Hemispheric Institute.
=500  \\$aPart of the Hemispheric Institute Digital Video Library.
=500  \\$aContained on tape HI2004.017_01 (part 2 of "Nao Bustamante : America the beautiful").
=534  \\$pMedia source original :$e2 videocassettes of 2 (Mini DV) : sd., col. ; 1/4 in.$mPanasonic MiniDV.
=518  \\$aPerformed in Lima, Peru, in July 2002, as part of the Third Annual Hemispheric Institute Seminar entitled Globalization, Migration and the Public Sphere.
=508  \\$aHemispheric Institute of Performance and Politics, producer ; Gigi Otálvaro-Hormillosa, creator.
=511  1\$aGigi Otálvaro-Hormillosa.
=520  \\$aVideo documentation of Gigi Otálvaro-Hormillosa's performance 'Cosmic Blood,' presented as part of the 3rd Encuentro of the Hemispheric Institute of Performance and Politics, celebrated in July of 2002 in Lima, Peru under the title Globalization, Migration and the Public Sphere. 'Cosmic Blood' explores the concept of mestizaje, a Spanish word used to describe the race mixture of Spanish and indigenous blood as a result of colonialism, from a perspective informed by history, contemporary culture and racial formation and creative, spiritual speculation about the future. The performance aims to illustrate the contradictory aspects of mestizaje in which the genocide and rape of one race led to the creation of a new race. Furthermore, it looks to redefine mestizaje to incorporate mixed race and queer identities, portraying subversive yet fluid identities to dismantle the binaries created by colonial constructs relating to race and gender.
=520  \\$aTheories of contact between ancient civilizations and extraterrestrials influenced the performance artist's vision of a cosmic mestizaje in which the impending transformation of the world as we know it may lead to possibilities for the creation of a new existence and way of being. Gigi Otálvaro-Hormillosa, also known as the Devil Bunny in Bondage, is a San Francisco based interdisciplinary performance artist, video artist, cultural activist, curator and percussionist of Filipino and Colombian descent. She is originally from Miami, Florida and received her B.A. from Brown University where she created an independent concentration entitled 'Hybridity and Performance.' She is currently the Artistic Director of (a)eromestiza, an interdisciplinary arts organization dedicated to presenting experimental video and performance work by queer and/or people of color.
=520  \\$aShe has also worked with non-profit organizations such as Proyecto ContraSIDA Por Vida, New Langton Arts, Galería de la Raza, the Queer Cultural Center, Asian American Theater Company and the Asian Pacific Islander Cultural Center. She has worked on various artistic collaborations under the mentorship and direction of performing artists such as Pearl Ubungen, Guillermo Gómez-Peña, Elia Arce and Afia Walking Tree. Her work in performance, video and writing has been presented nationally and internationally. She has received grants from the Franklin Furnace Fund for Performance Art, the San Francisco Art Commission Cultural Equity Grants Program, the Potrero Nuevo Fund Prize and the Zellerbach Family Fund.
=540  \\$aThere are copyright restrictions on this collection. For more information, go to the online version of this video.
=650  \0$aMestizaje.
=650  \0$aIdentity (Psychology)$xPolitical aspects.
=653  \\$aIdentity politics
=655  \7$aPerformance.$2nyu-hidvl
=655  \7$aPerformance art.$2nyu-hidvl
=655  \7$aOne-person shows (Performing arts)$2nyu-hidvl
=655  \7$aPolitical performance.$2nyu-hidvl
=655  \7$aLatino performance.$2nyu-hidvl
=655  \7$aQueer performance.$2nyu-hidvl
=700  1\$aOtálvaro-Hormillosa, Gigi.$4cre$4prf
=710  2\$aHemispheric Institute of Performance and Politics.$4pro
=710  2\$aHemispheric Institute Digital Video Library.
=711  2\$aHemispheric Institute Encuentro$n(3rd :$d2002 :$cLima, Peru).$tGlobalization, migration and the public sphere.
=856  40$uhttp://hdl.handle.net/2333.1/5hqbzkq5

