=LDR  04674cgm a22006975a 4500
=001  000097941
=003  NNU
=004  NYUb13068528
=005  20100805114011.0
=006  m\\\\\\\\z\\\\\\\\
=007  vd|cvaizu
=007  vf|ciahou
=007  cr\|||||||||||
=007  vd
=008  050824s2002\\\\nyu089\\\\\\\\\\\\vleng\d
=024  7\$aHI2005_006_01$2nyu-hidvl
=024  7\$aHI2005.006_01$2nyu-hidvl
=035  \\$a(NYU)NYUb13068528
=040  \\$aNNU$cNNU$eamim
=245  00$aUlali in concert$h[videorecording]
=246  3\$iTitle on DVD cover and title screen:$aUlali
=260  \\$c2002 Apr.
=300  \\$3viewing copy.$a1 videodisc of 1 (DVD) (89 min.) :$bsd., col. ;$c4 3/4 in.
=300  \\$3master.$a1 videocassette of 1 (Digital Betacam) (89 min.) :$bsd., col. ;$c1/2 in.
=490  1\$aAmerican Indian Community House collection
=500  \\$aTitle supplied by Hemispheric Institute.
=500  \\$aPart of the Hemispheric Institute Digital Video Library.
=530  \\$aAlso available online as streaming video.
=534  \\$pMedia source original:$e1 videocassette of 1 (VHS) : analog sd., mono., col. ; 1/2 in.
=518  \\$aPerformed at The American Indian Community House, New York City, in Apr. 2002.
=508  \\$aAmerican Indian Community House, producer ; Ulali, creator ; Jim Cyrus, introducer ; Paula K. Poulafeara, videographer.
=511  0\$aPura Fé, Soni Moreno, and Jennifer Kreisberg, singers.
=520  \\$aThe all womens a capella group Ulali performs. Ulali (www.ulali.com), formerly known as Pura Fe, is an a cappella women's trio featuring three Native women singers, Pura Fe (Tuscarora), Soni Moreno (Apache/Mayan) and Jennifer Kreisberg (Tuscarora). Ulali blends a variety of traditional and contemporary indigenous music of the Americas, incorporating political, social and personal issues that affect all of humanity. By fusing outside influences with Native words and music, Ulali challenges notions of how traditional words and concepts are applicable in the modern world. The group can be heard on dozens of albums, documentaries and movies. The American Indian Community House (AICH) is an urban Indian center that services the needs of the Native people living in New York City and welcomes Native visitors to the city. AICH was founded in 1969 and has become a de facto neighborhood serving as a meeting place for the diverse Native community of the New York City area. The Community House offers a variety of services ranging from substance abuse and HIV counseling, to career assistance. It is also home to the only Indian owned and operated art gallery in New York City. The AICHs Performing Arts Department has become an important resource for Native visual and performance artists. Through its programming, performance has become an important educational vehicle, both for the Native and non-Native NY community. The Badger's Corner, initiated in the 1980s, is an education-via-entertainment vehicle for the AICHs visual and performing arts department programs. Taking its name from the Pueblo legend of the four-legged creature who led the Pueblo people out of the underworld after the great flood, the intent of its programming is to inform and challenge people to rethink their concept(s) of Native American people and customs. All performances at AICH are presented under the auspices of the Badgers Corner.
=540  \\$aThere are copyright restrictions on this collection. For more information, go to the online version of this video.
=610  20$aUlali (Musical group)
=650  \0$aVocal trios, Unaccompanied.
=650  \0$aVocal trios.
=650  \0$aIndians of North America$vMusic.
=650  \0$aIndian musicians.
=650  \0$aIndians$vMusic.
=655  \0$aConcerts.
=650  \0$aIndian women artists.
=655  \7$aPerformance.$2nyu-hidvl
=655  \7$aConcert.$2nyu-hidvl
=655  \7$aAmerican Indian music.$2nyu-hidvl
=655  \7$aA cappella.$2nyu-hidvl
=655  \7$aIndigenous performance.$2nyu-hidvl
=700  0\$aPura Fé$4prf$4voc$4mus
=700  1\$aMoreno, Soni.$4prf$4voc$4mus
=700  1\$aKreisberg, Jennifer.$4prf$4voc$4mus
=700  1\$aCyrus, Jim.$4aui
=700  1\$aPoulafeara, Paula K.$4vdg
=710  2\$aUlali (Musical group)
=710  2\$aAmerican Indian Community House (New York, N.Y.)$4pro
=710  2\$aHemispheric Institute Digital Video Library.
=830  \0$aAmerican Indian Community House collection.
=856  40$uhttp://hdl.handle.net/2333.1/9s4mw6s2

