=LDR  07191cgm a2200805 a 4500
=001  000001514
=003  NNU
=004  NYUb13573849
=005  20140421141444.0
=006  m\\\\\\\\z\\\\\\\\
=007  vd\cvaizu
=007  vf\ciahou
=007  cr\|||||||||||
=008  080128e200206uumx\127\\\\\\\\\\\\vlspa\d
=024  7\$aHI2004_049_A_01$2nyu-hidvl
=024  7\$aHI2004_049_B_01$2nyu-hidvl
=024  7\$aHI2004_050_01$2nyu-hidvl
=024  7\$aHI2004.049_01_A$2nyu-hidvl
=040  \\$aNNU$cNNU$eamim
=041  0\$aspa
=079  \\$a(OCoLC)878606427
=245  00$aBig mother$h[videorecording] :$bel gran desmadre.
=246  30$aGran desmadre
=260  \\$c2002 June.
=300  \\$3viewing copy.$a3 videodiscs of 3 (DVD) (127 min.: pt.1A, 63 min.; pt.1B, 33 min.; pt.2, 31 min.) :$bsd., col. ;$c4 3/4 in.
=300  \\$3master.$a3 videocassettes of 3 (Digital Betacam) (127 min.) :$bsd., col. ;$c1/2 in.
=490  1\$aEl Hábito collection
=530  \\$aAlso available online as streaming video.
=546  \\$aIn Spanish.
=500  \\$aTitle supplied by Hemispheric Institute.
=500  \\$aPart of the Hemispheric Institute Digital Video Library.
=534  \\$pMedia source original:$e2 videocassettes of 2 (Mini DV) : sd., col. ; 1/4 in.$mSony DVM 60.
=518  \\$aPerformance at Teatro Bar El Hábito, Mexico City, Mexico, in June 2002.
=508  \\$aJesusa Rodríguez, writer, producer, director ; Liliana Felipe, producer, music director.
=511  1\$aJesusa Rodríguez, Ana Francis Mor, Nora Huerta, Marisol Gasé, Cecilia Sotres, Liliana Felipe.
=520  \\$aIn this farcical cabaret performance, the 'Four Horsewomen of Apocalypse' perform humanity's war against nature, in a 'metaphysical' reflection on terrorism, surveillance, and the society of spectacle. After the terrorist attacks to New York on September 11, 2001, 'a hope for war is reborn,' along with the imminent and 'longed annihilation of nature.' A group of women volunteer to be locked up at Mega Corporation headquarters ('a product of the global fusion of the market of perfect autocompetition'), in a sorts of 'reality TV' show where metaphysical debates juxtapose with beauty contests, bureaucratic limbos, and theatrical last suppers. 
=520  \\$a'Reach Your Metaphysics 2002' is a beauty pageant where the Four Horsewomen -representing Hunger, Epidemy, War, and Death- are confronted with philosophical questions: what is knowledge? Will? Conscience? The fate of the human species? The contestants then turn into secretaries of a government office where, between gossip and slaking off, they intend to finish their evaluation reports to Mega on how their Ministries (of Abundance, Peace, Truth, and Love) have contributed to the corporation's goal and achievement of 'joyfully destroying' nature and humanity. The women then turn into a satiric version of Federico García Lorca's 'House of Bernarda Alba' dramatic characters, in a supper where the daughters insist in getting Bernarda to tell them The Truth. Bernarda confesses that she is Mother Nature, the Big Mother, who created her offspring in order to mirror and contemplate herself.   
=520  \\$aThe kaleidoscopic play of gazes is thus multiplied, in a vortex of surveillance where Big Mother echoes Big Brother, both as Orson Well's '1984' dystopia and as Mexico's homonymous reality TV show. Metaphysically aggravated, the Horsewomen murder Mother Nature and, left with a barren planet, embark in 'a crusade against alien -extraterrestrial- terrorism.' Mexican director, actress, playwright, performance artist, scenographer, entrepreneur, and social activist Jesusa Rodríguez has been called the most important woman of Mexico. Often referred to as a 'chameleon,' Rodríguez moves seemingly effortlessly and with vigor across the spectrum of cultural forms, styles, and tones. Her 'espectáculos' (as both spectacles and shows) challenge traditional classification, crossing with ease generic boundaries: from elite to popular to mass, from Greek tragedy to cabaret, from pre-Columbian indigenous to opera, from revue, sketch and 'carpa,' to performative acts within political projects.   
=520  \\$aHumor, satire, linguistic play, and the body are constants in her productions. She seeks to render corporal and, thus, visible, the tensions between the discourses in operation on and through the individual and collective body. Rodriguez's energy is intense and her commitment non-negotiable, always interrogating the nature, site, and consequences of power and its representation. Liliana Felipe, one of Latin America's foremost singers and composers, was born in Argentina in the 1950s. She left for Mexico just before the outbreak of the 'Dirty War' (1976), but her sister and brother-in-law were both 'disappeared'--victims of the military dictatorship's criminal politics. Liliana's music has a wide following in Latin America. She continues to be a powerful presence in Argentina, working with human rights organizations--especially H.I.J.O.S. (the organization of the children of the disappeared). In Mexico, Liliana went to one of Jesusa Rodríguez's performances.   
=520  \\$aJesusa, catching a glimpse of Felipe in the audience, remembers saying to herself: 'I am going to die with that woman.' Since then, Liliana and Jesusa have created two performance spaces, El Cuervo and later El Hábito in Coyoacán, Mexico City, that they still run. They 'married' in February 2000. El Hábito (www.elhabito.com.mx) is a hotbed for intellectuals, feminists, gay rights activists and open-minded, progressive people who want to be engaged by a smart and critical humor. In this off-off space, and with the collaboration of their theater cooperative Las Divas, Jesusa y Liliana have produced hundreds of shows since the 1980s.  
=540  \\$aThere are copyright restrictions on this collection. For more information, go to the online version of this video.
=650  \0$aWar on Terrorism, 2001-$vDrama.
=650  \0$aTerrorism$vDrama.
=650  \0$aSocial control$xPolitical aspects.
=650  \0$aElectronic surveillance$xSocial aspects.
=655  \7$aPerformance.$2nyu-hidvl
=655  \7$aCabaret.$2nyu-hidvl
=655  \7$aTheater.$2nyu-hidvl
=655  \7$aSatire.$2nyu-hidvl
=655  \7$aPolitical performance.$2nyu-hidvl
=655  \7$aQueer performance.$2nyu-hidvl
=700  1\$aRodríguez, Jesusa.$4aut$4pro$4drt$4prf
=700  1\$aFelipe, Liliana.$4pro$4drt$4mus$4prf
=700  1\$aMor, Ana Francis.$4prf
=700  1\$aHuerta, Nora.$4prf
=700  1\$aGasé, Marisol.$4prf
=700  1\$aSotres, Cecilia.$4prf
=710  2\$aHemispheric Institute Digital Video Library.
=830  \0$aJesusa Rodríguez & Liliana Felipe : El Hábito collection.
=853  00$81$apt.
=863  50$81.1$a1A$p31142047316396
=863  50$81.2$a1B$p31142047316404
=863  50$81.3$a2$p31142047316412
=856  40$uhttp://hdl.handle.net/2333.1/ghx3ffn7
=954  \\$81$aVolumes

