=LDR  05285cgm a2200661 a 4500
=001  000076284
=003  NNU
=004  NYUb13045351
=005  20080128143736.0
=006  m\\\\\\\\z\\\\\\\\
=007  vd\cvaizu
=007  vf\ciahou
=007  cr\|||||||||||
=007  vd
=008  050620e200206uumx\126\\\\\\\\\\\\vlspa\d
=024  7\$aHI2004_055_01$2nyu-hidvl
=024  7\$aHI2004_056_01$2nyu-hidvl
=024  7\$aHI2004.055_01$2nyu-hidvl
=035  \\$a(NYU)NYUb13045351
=040  \\$aNNU$cNNU$eamim
=041  0\$aspa
=079  \\$a(OCoLC)82424957
=245  00$aMacbeth$h[videorecording].
=260  \\$c2002 June.
=300  \\$3viewing copy.$a2 videodiscs of 2 (DVD) (126 min.) :$bsd., col. ;$c4 3/4 in.
=300  \\$3master.$a2 videocassettes of 2 (Digital Betacam) (126 min.) :$bsd., col. ;$c1/2 in.
=490  1\$aEl Hábito collection
=530  \\$aAlso available online as streaming video.
=546  \\$aIn Spanish.
=500  \\$aTitle supplied by Hemispheric Institute.
=500  \\$aPart of the Hemispheric Institute Digital Video Library.
=534  \\$pMedia source original:$e2 videocassettes of 2 (Mini DV) : sd., col. ; 1/4 in.$mPanasonic DVM60.
=518  \\$aPerformed at Teatro Julio Castillo, Mexico City, Mexico, in June 2002.
=508  \\$aJesusa Rodríguez, producer, director, translation ; Liliana Felipe, producer ; William Shakespeare, author ; Luz Aurora Pimentel, translation ; Marcela Rodríguez, musical score ; Carolos Trejo, set design ; Juliana Faesler, lighting design ; Martha Hellion, costume design.
=511  1\$aArturo Ríos, protagonist ; Clarissa Malheiros, protagonist ; Diego Jáuregui, Silvia Carusillo, Constantino Morán, Gabino Rodríguez, Ricardo Campos, Carmen Huete, José Juan Meraz, Mercedes Hernández, Ziggy Fratta, Mónica Torres, cast.
=520  \\$aContemporary rendition of the classic Shakespearean tragedy 'Macbeth,' directed by Jesusa Rodríguez, starring Arturo Ríos and Clarissa Malheiros. Mexican director, actress, playwright, performance artist, scenographer, entrepreneur, and social activist Jesusa Rodríguez has been called the most important woman of Mexico. Often referred to as a 'chameleon,' Rodríguez moves seemingly effortlessly and with vigor across the spectrum of cultural forms, styles, and tones. Her 'espectáculos' (as both spectacles and shows) challenge traditional classification, crossing with ease generic boundaries: from elite to popular to mass, from Greek tragedy to cabaret, from pre-Columbian indigenous to opera, from revue, sketch and 'carpa,' to performative acts within political projects. Humor, satire, linguistic play, and the body are constants in her productions. She seeks to render corporal and, thus, visible, the tensions between the discourses in operation on and through the individual and collective body. Rodriguez's energy is intense and her commitment non-negotiable, always interrogating the nature, site, and consequences of power and its representation. Liliana Felipe, one of Latin America's foremost singers and composers, was born in Argentina in the 1950s. She left for Mexico just before the outbreak of the 'Dirty War' (1976), but her sister and brother-in-law were both 'disappeared'--victims of the military dictatorship's criminal politics. Liliana's music has a wide following in Latin America. She continues to be a powerful presence in Argentina, working with human rights organizations--especially H.I.J.O.S. (the organization of the children of the disappeared). In Mexico, Liliana went to one of Jesusa Rodríguez's performances. Jesusa, catching a glimpse of Felipe in the audience, remembers saying to herself: 'I am going to die with that woman.' Since then, Liliana and Jesusa have created two performance spaces, El Cuervo and later El Hábito in Coyoacán, Mexico City, that they still run. They 'married' in February 2000. El Hábito (www.elhabito.com.mx) is a hotbed for intellectuals, feminists, gay rights activists and open-minded, progressive people who want to be engaged by a smart and critical humor. In this off-off space, and with the collaboration of their theater cooperative Las Divas, Jesusa y Liliana have produced hundreds of shows since the 1980s.
=540  \\$aThere are copyright restrictions on this collection. For more information, go to the online version of this video.
=600  10$aShakespeare, William,$d1564-1616.$tMacbeth.
=655  \7$aPerformance.$2nyu-hidvl
=655  \7$aTheater.$2nyu-hidvl
=700  1\$aRodríguez, Jesusa.$4pro$4drt$4trl
=700  1\$aFelipe, Liliana.$4pro
=700  1\$aPimentel, Luz Aurora,$d1946-$4trl
=700  1\$aRodríguez, Marcela.$4cmp
=700  1\$aRíos, Arturo.$4prf
=700  1\$aMalheiros, Clarissa.$4prf
=700  1\$aShakespeare, William,$d1564-1616.$tMacbeth.
=710  2\$aHemispheric Institute Digital Video Library.
=830  \0$aJesusa Rodríguez & Liliana Felipe : El Hábito collection.
=856  40$uhttp://hdl.handle.net/2333.1/76hdr7wc
=853  00$81$apt.
=863  50$81.1$a1$p31142042823891
=863  50$81.2$a2$p31142042823909
=954  \\$81$aVolumes

