=LDR  07304cgm a2200733 a 4500
=001  001012998
=003  NNU
=004  NYUb12829704
=005  20090409162101.0
=006  m\\\\\\\\z\\\\\\\\
=007  vd|cvaizu
=007  vf|ciahou
=007  vd|cvaizu
=007  cr\|||||||||||
=008  031013e20020707pe\090\\\\\\\\\\\\vlspa\d
=024  7\$aHI2004_011_01$2nyu-hidvl
=024  7\$aHI2004_012_01$2nyu-hidvl
=024  7\$aHI2004_013_01$2nyu-hidvl
=024  7\$aHI2004.011_01$2nyu-hidvl
=040  \\$aNNU$cNNU$eamim
=041  0\$aspa$aeng
=043  \\$an-us---
=245  00$aJesusa Rodríguez, Liliana Felipe & Regina Orozco$h[videorecording] :$bNew war, new war.
=246  30$aNew war, new war
=260  \\$c2002 July 7.
=300  \\$3viewing copy.$a3 videodiscs of 3 (DVD) (90 min.) :$bsd., col. ;$c4 3/4 in.
=300  \\$3master.$a3 videocassettes of 3 (Digital Betacam) (90 min.) :$bsd., col. ;$c1/2 in.
=530  \\$aAlso available online as streaming video.
=546  \\$aIn Spanish and English.
=500  \\$aTitle supplied by Hemispheric Institute.
=500  \\$aPart of the Hemispheric Institute Digital Video Library.
=534  \\$pMedia source original:$e3 videocassettes of 3 (Mini DV) : sd., col. ; 1/4 in.$mPanasonic MiniDV.
=518  \\$aPerformed in Lima, Peru, on July 7, 2002, as part of the Third Annual Hemispheric Institute Seminar entitled Globalization, Migration and the Public Sphere.
=508  \\$aHemispheric Institute of Performance and Politics, producer ; Jesusa Rodríguez, creator, writer ; Liliana Felipe, creator, writer ; Regina Orozco, creator ; Raúl Gallegos, videographer; Nadia Baram, videographer.
=511  0\$aLiliana Felipe, musician.
=511  1\$aJesusa Rodríguez, protagonist, Regina Orozco.
=520  \\$aVideo documentation of Jesusa Rodríguez, Liliana Felipe and Regina Orozcos New War, New War presented as part of the 3rd Encuentro of the Hemispheric Institute of Performance and Politics, celebrated in July of 2002 in Lima, Peru under the title Globalization, Migration and the Public Sphere. In this farcical, multimedia political cabaret/musical theater production, Rodríguez, Felipe and Orozco ask whether humor can elucidate politics in times of crisis and war. The piece was written in particular response to the U.S. war on terror and the build-up to what we now know of the Iraq war of 2003. This performance brigs to the forefront a reflection on six aspects of the War on Terror: the destruction of a cosmic order; a fourth world war in a neo-prehistoric era; a political war in the global village; a genetic revolution; a gender war; and a cultural war. The performance combines multi-media sets with traditional opera from Orozco, music from Felipe and political satire from Rodríguez. Mexican director, actress, playwright, performance artist, scenographer, entrepreneur, and social activist, Jesusa Rodríguez has been called the most important woman of Mexico. Her espectáculos (as both spectacles and shows) challenge traditional classification, crossing with ease generic boundries: from elite to popular to mass, from Greek tragedy to cabaret, from pre-Columbian indigenous to opera, from revue, sketch and carpa, to performative acts within political projects. She and her partner, Argentine singer/actor Liliana Felipe, own and operate El Hábito and Teatro de la Capilla, alternative performances spaces in Mexico City. They have won an Obie for Best Actor in Las Horas de Belén, A Book of Hours (1999) with Ruth Maleczech and New York-based Mabou Mines. Rodríguez contributes regularly to Mexicos most important feminist journal, Debate Feminista. Liliana Felipe, one of Latin America's foremost singers and composers, was born in Argentina in the 1950s. She left for Mexico just before the outbreak of the 'Dirty War' (1976), but her sister and brother-in-law were both 'disappeared'--victims of the military dictatorship's criminal politics. In Mexico, Liliana went to one of Jesusa Rodríguez's performances. Jesusa, catching a glimpse of Felipe in the audience, remembers saying to herself: I am going to die with that woman. Since then, Liliana and Jesusa have created two performance spaces, El Cuervo and later El Hábito. They 'married' in February, 2000. Liliana's music has a wide following in Latin America. She continues to be a powerful presence in Argentina, working with human rights organizations--especially H.I.J.O.S. (the organization of the children of the disappeared). Regina Orozco (La Megabizcocho) is a Mexican interdisciplinary soprano vedette who fulfilled her music and theater studies in the National Conservatory of Music, the Theater Center of UNAM and in the Julliard Music School in New York. Among the prices she has earned are the acting scholarship Salvador Novo, the First Place in the Opera contest of Palm Beach, Florida, finalist in the singing contest of the Metropolitan Opera House in New York and one of the awards of Operalia II. She was nominated as best actress in the Film Festival of Venice for her performance in Profundo Carmesí, for which she also received an Ariel award in 1997. She has worked in different productions with the company Divas A.C., directed by Jesusa Rodríguez, among which are Donna Giovanni, Atracciones Fénix, Ambrosio o la Fábula del Mal Amor, and La Sumanita, where she acted as leading roles for a period of four years of tours in Europe and North America. In addition to her extensive credits as producer, writer, actress, singer and performer in diverse film, theater, cabaret, opera and world music projects, Regina Orozco is, since 1999, the director and producer of her theater company, Regina Orozco y Los Tigres de Sumatra (Regina Orozco and the Sumatran Tigers). Both an artist ad a political activist, Orozco is constantly supporting social causes campaigns as the empowerment of indigenous women, the protection of street children, gender equality and the rights of homosexuals.
=540  \\$aThere are copyright restrictions on this collection. For more information, go to the online version of this video.
=650  \0$aWar on Terrorism, 2001-$vHumor.
=651  \0$aUnited States$xForeign relations$vHumor.
=655  \7$aPerformance.$2nyu-hidvl
=655  \7$aTheater.$2nyu-hidvl
=655  \7$aCabaret.$2nyu-hidvl
=655  \7$aPolitical performance.$2nyu-hidvl
=655  \7$aPolitical satire.$2nyu-hidvl
=700  1\$aRodríguez, Jesusa.$4cre$4aut$4prf
=700  1\$aFelipe, Liliana.$4cre$4aut$4mus
=700  1\$aOrozco, Regina.$4cre$4prf
=700  1\$aGallegos, Raúl.$4vdg
=700  1\$aBaram, Nadia.$4vdg
=710  2\$aHemispheric Institute of Performance and Politics.$4pro
=710  2\$aHemispheric Institute Digital Video Library.
=711  2\$aHemispheric Institute Encuentro$n(3rd :$d2002 :$cLima, Peru).$tGlobalization, migration and the public sphere.
=853  00$81$apt.
=863  50$81.1$a1$p31142042654353
=863  50$81.2$a2$p31142042654346
=863  50$81.3$a3$p31142040300561
=856  40$uhttp://hdl.handle.net/2333.1/3n5tb2t5
=954  \\$81$aVolumes

