=LDR  06495cgm a22007335a 4500
=001  001103713
=003  NNU
=004  NYUb12924370
=005  20090408134926.0
=006  m\\\\\\\\z\\\\\\\\
=007  vd|cvaizu
=007  vf|ciahou
=007  vd|cvaizu
=007  cr\|||||||||||
=008  031014e200210uumx\060\\\\\\\\\\\\vlspa\d
=024  7\$aHI2004_036_01$2nyu-hidvl
=024  7\$aHI2004.036_01$2nyu-hidvl
=024  7\$aHI2004.036_01$2nyu-hidvl
=040  \\$aNNU$cNNU$eamim
=041  0\$aspa
=043  \\$an-mx---
=079  \\$a(OCoLC)60955154
=245  00$aMatar o no matar$h[videorecording].
=246  31$aTo kill or not to kill
=246  3\$aMatar o no matar (espectáculo porno-militar)
=260  \\$c2002 Oct.
=300  \\$3viewing copy.$a1 videodisc of 1 (DVD) (60 min.) :$bsd., col. ;$c4 3/4 in.
=300  \\$3master.$a1 videocassette of 1 (Digital Betacam) (60 min.) :$bsd., col. ;$c1/2 in.
=490  1\$aEl Hábito collection.
=530  \\$aAlso available online as streaming video.
=546  \\$aIn Spanish.
=500  \\$aTitle supplied by Hemispheric Institute.
=500  \\$aPart of the Hemispheric Institute Digital Video Library.
=534  \\$pMedia source original:$e1 videocassette (VHS) : sd., col. ; 1/2 in.$mFuji T-60.
=518  \\$aPerformed at Teatro Bar El Hábito, Mexico City, Mexico, in Oct. 2002.
=508  \\$aJesusa Rodríguez, producer, director ; Liliana Felipe, producer, music ; Georgy Konrad, writer ; Malú Huacuja, writer ; Dimitri Dudin, music ; Daniel Gruener, videographer.
=511  1\$aRegina Orozco, protagonist ; Susana Zabaleta, protagonist ; Jesusa Rodríguez, cast ; Liliana Felipe, musician.
=520  \\$a'To kill, or not to kill? That is the question.' This farcical cabaret performance, featuring Susana Zabaleta and Regina Orozco, poses the 'question' of violence in the context of current Mexican urban society. In a sort of film noir ambiance, the detective/cheerleader characters mix bel canto, circus music, marches, flamenco, rancheras, and pop ballads (musical score by Liliana Felipe) to connect the diverse skits on social violence. The tension between technology and nature (the cult of technology, here called the 'Faith of the Great Father, King Toshiba,' versus an esoteric, macrobiotic approach to natural forces), the relationship between the Church and the Army as violent power instances (with 'obscenity' as a common tool for the control and manipulation of society), the notion of public surveillance, as well as police brutality, government bureaucracy and political corruption are here juxtaposed to road violence, passion crimes, fashion 'rituals' and star/fan twisted relationships, testing and rethinking the limits of power, discipline and violence. Improvisation and the manipulation of diverse props (guns, masks, wigs) connect the music and the skits to the presence of the audience, aided by the onstage support of director Jesusa Rodríguez as prop assistant. Mexican director, actress, playwright, performance artist, scenographer, entrepreneur, and social activist Jesusa Rodréguez has been called the most important woman of Mexico. Often referred to as a chameleon, Rodríguez moves seemingly effortlessly and with vigor across the spectrum of cultural forms, styles, and tones. Her espectáculos (as both spectacles and shows) challenge traditional classification, crossing with ease generic boundaries: from elite to popular to mass, from Greek tragedy to cabaret, from pre-Columbian indigenous to opera, from revue, sketch and carpa, to performative acts within political projects. Humor, satire, linguistic play, and the body are constants in her productions. She seeks to render corporal and, thus, visible, the tensions between the discourses in operation on and through the individual and collective body. Rodriguezs energy is intense and her commitment non-negotiable, always interrogating the nature, site, and consequences of power and its representation. Liliana Felipe, one of Latin America's foremost singers and composers, was born in Argentina in the 1950s. She left for Mexico just before the outbreak of the 'Dirty War' (1976), but her sister and brother-in-law were both 'disappeared'--victims of the military dictatorship's criminal politics. Liliana's music has a wide following in Latin America. She continues to be a powerful presence in Argentina, working with human rights organizations--especially H.I.J.O.S. (the organization of the children of the disappeared). In Mexico, Liliana went to one of Jesusa Rodríguez's performances. Jesusa, catching a glimpse of Felipe in the audience, remembers saying to herself: I am going to die with that woman. Since then, Liliana and Jesusa have created two performance spaces, El Cuervo and later El Hábito in Coyoacán, Mexico City, that they still run. They 'married' in February 2000. El Hábito (www.elhabito.com.mx) is a hotbed for intellectuals, feminists, gay rights activists and open-minded, progressive people who want to be engaged by a smart and critical humor. In this off-off space, and with the collaboration of their theater cooperative Las Divas, Jesusa y Liliana have produced hundreds of shows since the 1980s.
=540  \\$aThere are copyright restrictions on this collection. For more information, go to the online version of this video.
=650  \0$aViolence$xSocial aspects$zMexico.
=651  \0$aMexico$xSocial conditions$y20th century.
=655  \7$aPerformance.$2nyu-hidvl
=655  \7$aCabaret.$2nyu-hidvl
=655  \7$aMusical theater.$2nyu-hidvl
=655  \7$aSatire.$2nyu-hidvl
=655  \7$aPolitical performance.$2nyu-hidvl
=655  \7$aQueer performance.$2nyu-hidvl
=700  1\$aRodríguez, Jesusa.$4pro$4drt$4prf
=700  1\$aFelipe, Liliana.$4pro$4mus
=700  1\$aKonrad, Georgy.$4aut
=700  1\$aHuacuja, Malú,$d1961-$4aut
=700  1\$aDudin, Dimitri.$4mus
=700  1\$aGruener, Daniel,$d1967-$4vdg
=700  1\$aOrozco, Regina.$4prf
=700  1\$aZabaleta, Susana.$4prf
=710  2\$aHemispheric Institute Digital Video Library.
=830  \0$aJesusa Rodríguez & Liliana Felipe : El Hábito collection.
=856  40$uhttp://hdl.handle.net/2333.1/kd51c5k3

