=LDR  03815cgm a2200565 a 4500
=001  001046025
=003  NNU
=004  NYUb12864055
=005  20090409162105.0
=006  m\\\\\\\\z\\\\\\\\
=007  vd|cvaizu
=007  vf|ciahou
=007  vd|cvaizu
=007  cr\|||||||||||
=008  040401e200207uupe\023\\\\\\\\\\\\vleng\d
=024  7\$aHI2004_025_01$2nyu-hidvl
=024  7\$aHI2004.025_01$2nyu-hidvl
=035  \\$a(NYU)NYUb12864055
=040  \\$aNNU$cNNU$eamim
=245  00$aInterview with Renato Rosaldo$h[videorecording].
=246  30$aRenato Rosaldo
=260  \\$c2002 July.
=300  \\$3viewing copy.$a1 videodisc of 1 (DVD) (23 min.) :$bsd., col. ;$c4 3/4 in.
=300  \\$3master.$a1 videocassette of 1 (Digital Betacam) (23 min.) :$bsd., col. ;$c1/2 in.
=530  \\$aAlso available online as streaming video.
=500  \\$aTitle supplied by Hemispheric Institute.
=500  \\$aPart of the Hemispheric Institute Digital Video Library.
=534  \\$pMedia source original:$e1 videocassette of 1 (Mini DV) : sd., col. ; 1/4 in.$mPanasonic MiniDV.
=518  \\$aInterviewed in Lima, Peru, in July 2002, as part of the Third Annual Hemispheric Institute Seminar entitled Globalization, Migration and the Public Sphere.
=508  \\$aHemispheric Institute of Performance and Politics, producer.
=511  0\$aRenato Rosaldo, interviewee ; Ulla Berg, interviewer.
=520  \\$aInterview with Renato Rosaldo, conducted by Ulla Berg during the 3rd Encuentro of the Hemispheric Institute of Performance and Politics, celebrated in July of 2002 in Lima, Peru under the title Globalization, Migration and the Public Sphere. Renato Rosaldo, currently a visiting professor at NYU Anthropology, was most recently a Lucie Stern Professor in the Social Sciences at Stanford University. He has done field research among the Ilongots of northern Luzon, Philippines. He spent 1975-76 at the Institute for Advanced Study, Princeton, New Jersey, and 1980-81 at the Center for Advanced Study in the Behavioral Sciences, Stanford. He published Ilongot Headhunting, 1883-1974: A Study in Society and History in 1980 and Culture and Truth: The Remaking of Social Analysis in 1989. His co-edited work, The Inca and Aztec States, 1400-1800: Anthropology and History appeared in 1982, Anthropology/Creativity appeared in 1993, and The Anthropology of Globalization in 2001. He has been conducting research on cultural citizenship in San Jose, California since 1989, and contributed the introduction and an article to Latino Cultural Citizenship: Claiming Identity, Space, and Rights, published in 1997. Professor Rosaldo has served as President of the American Ethnological Society, Director of the Stanford Center for Chicano Research, and Chair of the Department of Anthropology. He is a member of the American Academy of Arts and Sciences.
=540  \\$aThere are copyright restrictions on this collection. For more information, go to the online version of this video.
=600  10$aRosaldo, Renato$vInterviews.
=650  \0$aIdentity (Psychology)$xPolitical aspects.
=650  \0$aGroup identity.
=650  \0$aEthnicity.
=653  \\$aIdentity politics
=653  \\$aCultural citizenship
=655  \7$aInterview.$2nyu-hidvl
=700  1\$aRosaldo, Renato.$4ive
=700  1\$aBerg, Ulla,$d1932-$4ivr
=710  2\$aHemispheric Institute of Performance and Politics.$4pro
=710  2\$aHemispheric Institute Digital Video Library.
=711  2\$aHemispheric Institute Encuentro$n(3rd :$d2002 :$cLima, Peru).$tGlobalization, migration and the public sphere.
=856  40$uhttp://hdl.handle.net/2333.1/xwdbrv70

