=LDR  04737cgm  2200625 a 4500
=001  000560217
=003  NNU
=004  NYUb13553018
=005  20071210173435.0
=006  m\\\\\\\\z\\\\\\\\
=007  vd\cvaizu
=007  vf\ciahou
=007  cr\cna
=007  cr\|||||||||||
=008  071113s2002\\\\pe\015\\\\\\\\\\\\vlspa\d
=024  7\$aHI2005_099_01$2nyu-hidvl
=024  7\$aHI2005.099_01$2nyu-hidvl
=035  \\$a(NYU)NYUb13553018
=040  \\$aNNU$cNNU$eamim
=043  \\$as-pe---
=245  00$aAlma viva :$bpara que florezca la memoria$h[videorecording]
=246  3\$iTitle on DVD cover and title screen:$aAlma viva
=260  \\$c2002 Apr.
=300  \\$3master.$a1 videocassette of 1 (Digital Betacam) (15 min.) :$bsd., col. ;$c1/2 in.
=300  \\$3viewing copy.$a1 videodisc of 1 (DVD) (15 min.) :$bsd., col. ;$c4 3/4 in.
=490  1\$aYuyachkani collection
=530  \\$aAlso available online as streaming video.
=546  \\$aIn Spanish.
=500  \\$aTitle supplied by Hemispheric Institute.
=500  \\$aPart of the Hemispheric Institute Digital Video Library.
=534  \\$pMedia source original:$e1 videocassette of 1 (Mini DV) : sd., col. ; 1/4 in. SP.$mSony DVM60.
=518  \\$aRecorded in Ayacucho, Peru, in Apr. 2002.
=508  \\$aRicardo Ayala, documentary ; Miguel Rubio, director ; Grupo Cultural Yuyachkani, producer ; Fidel Melquíades, technical assistance ; Alejandro Fuentes, technical support.
=511  1\$aAna Correa, Augusto Casafranca.
=520  \\$aThis documentary follows the work of Grupo Cultural Yuyachkani with Peru's Truth and Reconciliation Commission, created to investigate the violence which took place because of terrorism and political instability between 1980 and 2000 in Peru. On April 8, 2002 the TRC went to Huamanga for a first public hearing, followed by Huanta, Ayacucho three days after. Yuyachkani performed 'Adiós Ayacucho' (with Augusto Casafranca) and 'Rosa Cuchillo' (with Ana Correa); they also participated in public actions and vigils celebrated in public spaces to honor the 'disappeared'. The video shows townspeople speaking with members of Yuyachkani about their experiences with violence, interviews with Yuyachkani members about their experience performing and listening to the public, and footage of the performances and public testimonies. This is an excellent resource to understand Yuyachkanis relationship to their Peruvian audience -how their work has been influenced and driven by it. Perus most important theatre collective, Grupo Cultural Yuyachkani (www.yuyachkani.org) has been working since 1971 at the forefront of theatrical experimentation, political performance, and collective creation. Yuyachkani is a Quechua word that means I am thinking, I am remembering; under this name, the theatre group has devoted itself to the collective exploration of embodied social memory, particularly in relation to questions of ethnicity, violence, and memory in Peru. The group is comprised of seven actors (Augusto Casafranca, Amiel Cayo, Ana Correa, Débora Correa, Rebeca Ralli, Teresa Ralli, and Julián Vargas), a technical designer (Fidel Melquíades), and an artistic director (Miguel Rubio), who have made a commitment to collective creation as a mode of theatrical production and to group theatre as a life style. Their work has been among the most important in Latin Americas so called New Popular Theatre, with a strong commitment to grass-roots community issues, mobilization, and advocacy. Yuyachkani won Perus National Human Rights Award in 2000. Known for its creative embrace of both indigenous performance forms as well as cosmopolitan theatrical forms, Yuyachkani offers insight into Peruvian and Latin American theatre, and to broader issues of postcolonial social aesthetics.
=540  \\$aThere are copyright restrictions on this collection. For more information, go to the online version of this video.
=650  \0$aPolitical violence$zPeru.
=650  \0$aDisappeared persons$zPeru.
=651  \0$aPeru$xHistory$y1980-
=650  \0$aDemonstrations$zPeru.
=650  \0$aTheater$zPeru.
=653  \\$aDesaparecidos
=655  \7$aDocumentary.$2nyu-hidvl
=700  1\$aRubio, Miguel.$4drt
=700  1\$aCorrea, Ana.$4prf
=700  1\$aCasafranca, Augusto.$4prf
=710  2\$aGrupo Cultural Yuyachkani.$4pro
=710  2\$aHemispheric Institute Digital Video Library.
=710  1\$aPeru.$bComisión de la Verdad y Reconciliación.
=830  \0$aYuyachkani collection.
=856  40$uhttp://hdl.handle.net/2333.1/69p8czjj

