=LDR  06291cgm a2200853 a 4500
=001  001013006
=003  NNU
=004  NYUb12829712
=005  20090409162112.0
=006  m\\\\\\\\z\\\\\\\\
=007  vd|cvaizu
=007  vf|ciahou
=007  vd|cvaizu
=007  cr\|||||||||||
=008  031013e20020707pe\120\\\\\\\\\\\\vlspa\d
=024  7\$aHI2004_014_01$2nyu-hidvl
=024  7\$aHI2004_015_01$2nyu-hidvl
=024  7\$aHI2004.014_01$2nyu-hidvl
=040  \\$aNNU$cNNU$eamim
=041  0\$aspa
=043  \\$as-pe---
=245  00$aGrupo Cultural Yuyachkani$h[videorecording] :$bLos músicos ambulantes.
=246  30$aMúsicos ambulantes
=246  31$aTraveling musicians
=260  \\$c2002 July 7.
=300  \\$3viewing copy.$a2 videodiscs of 2 (DVD) (120 min.) :$bsd., col. ;$c4 3/4 in.
=300  \\$3master.$a2 videocassettes of 2 (Digital Betacam) (120 min.) :$bsd., col. ;$c1/2 in.
=530  \\$aAlso available online as streaming video.
=546  \\$aIn Spanish.
=500  \\$aTitle supplied by Hemispheric Institute.
=500  \\$aPart of the Hemispheric Institute Digital Video Library.
=534  \\$pMedia source original:$e2 videocassettes of 2 (Mini DV) : sd., col. ; 1/4 in.$mPanasonic MiniDV.
=518  \\$aPerformed in Lima, Peru, on July 7, 2002, as part of the Third Annual Hemispheric Institute Seminar entitled Globalization, Migration and the Public Sphere.
=508  \\$aHemispheric Institute of Performance and Politics, producer ; Grupo Cultural Yuyachkani, producer, creator ; Miguel Rubio, director ; Raúl Gallegos, videographer ; Nadia Baram, videographer ; Fidel Melquíades, technical designer.
=511  1\$aTeresa Ralli, Augusto Casafranca, Débora Correa, Ana Correa, Julián Vargas, Amiel Cayo.
=520  \\$aVideo documentation of Grupo Cultural Yuyachkanis performance Los Músicos Ambulantes (Traveling Musicians) presented as part of the 3rd Encuentro of the Hemispheric Institute of Performance and Politics, celebrated in July of 2002 in Lima, Peru under the title Globalization, Migration and the Public Sphere. In this performance, Yuyachkani is an exploration of Perus rich folkloric traditions, using animal masks and music, humor and a child-like concept of a farm animal cosmos to tell the parable about four aging domestic animals that run away and form a quartet rather than be put out to pasture or face the butcher's block. Based on Luis Enríquez & Sergio Bardottis Los Saltimbanquis and the Brothers Grimms classic fairy tale The Town Musicians of Bremen, the performance tells the story of the journey of four musician animals from four different regions of Peru: an Afro-Peruvian hen ('La Plumosa'), a donkey from the Southern plains ('El Burro'), a cat from the rainforest region ('La Michicha'), and a dog from the Northern coastal area ('El Chusco'). The animals abandon their hometowns in search of their dreams in the capital city; upon meeting each other along the way, and after many adventures and exploits, they decide to form a music group, the Músicos Ambulantes (Traveling Musicians), and to tour the country telling their multiethnic story. The resulting performance, by now a classic piece in Yuyachkanis repertoire (performed since 1983), is a popular musical theater celebration of Peruvian cultural and ethnic diversity. Perus most important theatre collective, Grupo Cultural Yuyachkani has been working since 1971 at the forefront of theatrical experimentation, political performance, and collective creation. Yuyachkani is a Quechua word that means I am thinking, I am remembering; under this name, the theatre group has devoted itself to the collective exploration of embodied social memory, particularly in relation to questions of ethnicity, violence, and memory in Peru. The group is comprised of seven actors (Augusto Casafranca, Amiel Cayo, Ana Correa, Débora Correa, Rebeca Ralli, Teresa Ralli, and Julián Vargas), a technical designer (Fidel Melquíades), and an artistic director (Miguel Rubio), who have made a commitment to collective creation as a mode of theatrical production and to group theatre as a life style. Their work has been among the most important in Latin Americas so called New Popular Theatre, with a strong commitment to grass-roots community issues, mobilization, and advocacy. Yuyachkani won Perus National Human Rights Award in 2000. Known for its creative embrace of both indigenous performance forms as well as cosmopolitan theatrical forms, Yuyachkani offers insight into Peruvian and Latin American theatre, and to broader issues of postcolonial social aesthetics.
=540  \\$aThere are copyright restrictions on this collection. For more information, go to the online version of this video.
=650  \0$aEthnicity$zPeru.
=650  \0$aCultural pluralism$zPeru.
=650  \0$aMusic$zPeru.
=650  \0$aMusicians$zPeru.
=650  \0$aPopular culture$zPeru.
=651  \0$aPeru$xSocial conditions.
=653  \\$aBremen Town musicians
=655  \7$aPerformance.$2nyu-hidvl
=655  \7$aTheater.$2nyu-hidvl
=655  \7$aMusical theater.$2nyu-hidvl
=655  \7$aFolklore Peru.$2nyu-hidvl
=655  \7$aPeruvian performance.$2nyu-hidvl
=655  \7$aPopular theater.$2nyu-hidvl
=700  1\$aRubio, Miguel.$4drt
=700  1\$aGallegos, Raúl.$4vdg
=700  1\$aBaram, Nadia.$4vdg
=700  1\$aMelquíades, Fidel.$4dsr
=700  1\$aRalli, Teresa.$4prf
=700  1\$aCasafranca, Augusto.$4prf
=700  1\$aCorrea, Débora.$4prf
=700  1\$aCorrea, Ana.$4prf
=700  1\$aVargas, Julián.$4prf
=700  1\$aCayo, Amiel.$4prf
=710  2\$aGrupo Cultural Yuyachkani.$4pro
=710  2\$aHemispheric Institute of Performance and Politics.$4pro
=710  2\$aHemispheric Institute Digital Video Library.
=711  2\$aHemispheric Institute Encuentro$n(3rd :$d2002 :$cLima, Peru).$tGlobalization, migration and the public sphere.
=853  00$81$apt.
=863  50$81.1$a1$p31142042654338
=863  50$81.2$a2$p31142042654320
=856  40$uhttp://hdl.handle.net/2333.1/zw3r22g7
=954  \\$81$aVolumes

