=LDR  04878cgmaa22007695a 4500
=001  001010398
=003  NNU
=004  NYUb12826931
=005  20110224155035.0
=006  m\\\\\\\\z\\\\\\\\
=007  vd|czaizu
=007  vf|ciahou
=007  vd|czaizu
=007  cr\|||||||||||
=008  031013e20020714pe\120\\\\\\\\\\\\vleng\d
=024  7\$aHI2003_024_01$2nyu-hidvl
=024  7\$aHI2003_025_01$2nyu-hidvl
=024  7\$aHI2003.024_01$2nyu-hidvl
=040  \\$aNNU$cNNU$eamim
=041  1\$aeng$aspa
=043  \\$acl-----$an-us---$an------$as------
=245  00$aAnna Deavere Smith$h[videorecording] :$bCrossing the lines.
=246  30$aCrossing the lines
=260  \\$c2002 July 14.
=300  \\$3viewing copy.$a2 videodiscs of 2 (DVD) (120 min.) :$bsd., col. ;$c4 3/4 in.
=300  \\$3master.$a2 videocassettes of 2 (Digital Betacam) (120 min.) :$bsd., col. ;$c1/2 in.
=530  \\$aAlso available online as streaming video.
=546  \\$aIn English and Spanish.
=500  \\$aTitle supplied by Hemispheric Institute.
=500  \\$aPart of the Hemispheric Institute Digital Video Library.
=534  \\$pMedia source original:$e2 videocassettes of 2 (Mini DV) : sd., col. : 1/4 in.$mPanasonic MiniDV.
=518  \\$aPerformed at Centro Cultural de la Universidad Católica del Perú in Lima, Peru, on July 14, 2002, as part of the Third Annual Hemispheric Institute Seminar entitled Globalization, Migration and the Public Sphere.
=508  \\$aHemispheric Institute of Performance and Politics, producer ; Anna Deavere Smith, creator, director ; Nadia Baram, videographer ; Raúl Gallego, videographer ;
=511  0\$aAnna Deavere Smith, protagonist ; Renato Rosaldo, narrator ; Carmen Oquendo Villar, Sebastián Calderón, Oliva Pratt Rosaldo, assistants.
=520  \\$aVideo documentation of Anna Deavere Smith's performance 'Crossing the Lines', presented as a part of the 3rd Encuentro of the Hemispheric Institute of Performance and Politics, celebrated in July of 2002 in Lima, Peru under the title 'Globalization, Migration and the Public Sphere'. A performance about race and identity in the Americas, Anna Deavere Smith experiments with a translated performance, moving between English and Spanish to convey a series of portraits of representing identities in crisis. As an actor, playwright and teacher, Anna Deavere Smith has built a remarkably wide-ranging and respected career. Ms. Smith--whose work explores the American character and our multifaceted national identity--has been acclaimed by the media, critics and audiences across the country. The Macarthur Foundation awarded Ms. Smith a prestigious fellowship in 1996, saying she 'has created a new form of theater --a blend of theatrical art, social commentary, journalism and intimate reverie'. Looking at controversial events from multiple points of view, Ms. Smith's work combines the journalistic technique of interviewing her subjects with the art of interpreting their words through her performance. Ms. Smith founded and directed the Institute on the Arts & Civic Dialogue, a three-year experiment that was held for three summers (1998- 2000), at Harvard University. Ms. Smith is a tenured professor in the Tisch School of the Arts at New York University, with an additional affiliation at the New York University School of Law.
=540  \\$aThere are copyright restrictions on this collection. For more information, go to the online version of this video.
=650  \0$aIdentity (Psychology)$zLatin America.
=650  \0$aIdentity (Psychology)$zUnited States.
=650  \0$aIdentity (Psychology)$zAmerica.
=650  \0$aIdentity (Psychology)$xPolitical aspects.
=650  \0$aRace awareness.
=653  \\$aRace and identity
=653  \\$aIdentity politics
=655  \7$aPerformance.$2nyu-hidvl
=655  \7$aTheater.$2nyu-hidvl
=655  \7$aExperimental theater.$2nyu-hidvl
=655  \7$aPolitical performance.$2nyu-hidvl
=700  1\$aSmith, Anna Deavere.$4cre$4drt$4prf
=700  1\$aRosaldo, Renato.$4nrt
=700  1\$aBaram, Nadia.$4vdg
=700  1\$aGallego, Raúl.$4vdg
=700  1\$aOquendo Villar, Carmen.$4oth
=700  1\$aCalderón, Sebastián.$4oth
=700  1\$aPratt Rosaldo, Oliva.$4oth
=710  2\$aHemispheric Institute of Performance and Politics.$4pro
=710  2\$aHemispheric Institute Digital Video Library.
=711  2\$aHemispheric Institute Encuentro$n(3rd :$d2002 :$cLima, Peru).$tGlobalization, migration and the public sphere.
=853  00$81$adisc
=863  50$81.1$a1$p31142040301320
=863  50$81.2$a2$p31142040301338$wg
=856  40$uhttp://hdl.handle.net/2333.1/nk98sfdd
=954  \\$81$aVolumes

