=LDR  03499cgm a2200577 a 4500
=001  001053855
=003  NNU
=004  NYUb12871990
=005  20090409162126.0
=006  m\\\\\\\\z\\\\\\\\
=007  vd|cvaizu
=007  vf|ciahou
=007  vd|cvaizu
=007  cr\|||||||||||
=008  031014e200207uupe\037\\\\\\\\\\\\vlpor\d
=024  7\$aHI2004_026_01$2nyu-hidvl
=024  7\$aHI2004.026_01$2nyu-hidvl
=040  \\$aNNU$cNNU$eamim
=041  0\$apor$aeng
=043  \\$as-bl---
=245  00$aInterview with Denise Stoklos$h[videorecording].
=246  30$aDenise Stoklos
=260  \\$c2002 July.
=300  \\$3viewing copy.$a1 videodisc of 1 (DVD) (37 min.) :$bsd., col. ;$c4 3/4 in.
=300  \\$3master.$a1 videocassette of 1 (Digital Betacam) (37 min.) :$bsd., col. ;$c1/2 in.
=530  \\$aAlso available online as streaming video.
=546  \\$aIn Portuguese and English.
=500  \\$aTitle supplied by Hemispheric Institute.
=500  \\$aPart of the Hemispheric Institute Digital Video Library.
=534  \\$pMedia source original:$e1 videocassette of 1 (Mini DV) : digital sd., col. ; 1/4 in.$mPanasonic MiniDV.
=518  \\$aInterviewed in Lima, Peru, in July 2002, as part of the Third Annual Hemispheric Institute Seminar entitled Globalization, Migration and the Public Sphere.
=508  \\$aHemispheric Institute of Performance and Politics, producer.
=511  0\$aDenise Stoklos, interviewee ; Eleonora Fabião, interviewer.
=520  \\$aInterview with Denise Stoklos, conducted by Eleonora Fabião during the 3rd Encuentro of the Hemispheric Institute of Performance and Politics, celebrated in July of 2002 in Lima, Peru under the title Globalization, Migration and the Public Sphere. Denise Stoklos is a Brazilian playwright, director and actress, who has, over the past thirty years, created a body of theatrical works called Essential Theatre which deals with the energy of body, voice, and intuition under a mind of historical reference: Mary Stuart (1987), Un-Medea (1989), Casa (1990), 500 YearsA Fax from Denise Stoklos to Christopher Columbus (1992), Civil Disobedience (1997), and I Do, I Undo, I Redo: Lousie Bourgeoise (2000) among others. Each is a solo play, performed in repertoire in different idioms. Stoklos has won a number of prestigious national and international awards, including many for best actress in Brazil and a Guggenheim in the U.S. She performs in Portuguese, Spanish, Italian, English, Ukrainian, among others. She has presented her work in thirty countries and has published six books on her work.
=540  \\$aThere are copyright restrictions on this collection. For more information, go to the online version of this video.
=600  10$aStoklos, Denise$vInterviews.
=650  \0$aActresses$zBrazil$vInterviews.
=650  \0$aTheater$zBrazil.
=653  \\$aEssential theater
=655  \7$aInterview.$2nyu-hidvl
=700  1\$aStoklos, Denise.$4ive
=700  1\$aFabião, Eleonora.$4ivr
=710  2\$aHemispheric Institute of Performance and Politics.$4pro
=710  2\$aHemispheric Institute Digital Video Library.
=711  2\$aHemispheric Institute Encuentro$n(3rd :$d2002 :$cLima, Peru).$tGlobalization, migration and the public sphere.
=856  40$uhttp://hdl.handle.net/2333.1/t4b8gtqp

