=LDR  04402ngm a2200505 a 4500
=001  003305744
=004  003305744
=005  20100221130657.0
=006  m\\\\\\\\z\\\\\\\\
=007  vd\cvaiz|
=007  cr\cna|||m|||a
=007  vd\cvaiz|
=007  cr\|||||||||||
=008  100219e20021002nyu011\\\\\\\\\\\\vleng\d
=024  7\$aHI2009_012_01$2nyu-hidvl
=024  7\$aHI2009.012_01$2nyu-hidvl
=040  \\$aNNU$beng$cNNU
=079  \\$a(OCoLC)607285419
=245  00$aInterview with Diana Taylor$h[videorecording] :$bwhat is performance studies?
=246  3\$aDiana Taylor
=260  \\$c2002 Oct. 2.
=300  \\$3viewing copy.$a1 videodisc of 1 (DVD) (11 min.) :$bsd., col. ;$c4 3/4 in.
=490  1\$aInterview series : What is performance studies?
=500  \\$aTitle supplied by Hemispheric Institute.
=500  \\$aPart of the Hemispheric Institute Digital Video Library.
=518  \\$aFilmed in New York, NY, on October 2, 2002.
=508  \\$aHemispheric Institute of Performance and Politics, producer.
=511  0\$aDiana Taylor, interviewee ; Barbara Kirshenblatt-Gimblett, interviewer.
=520  \\$aInterview with Diana Taylor, founding director of the Hemispheric Institute of Performance and Politics, conducted by Barbara Kirshenblatt-Gimblett. This interview is a part of a series curated by the Hemispheric Institute, articulated around the question 'What is Performance Studies?' The series aims to provide a multifaceted approach to the often difficult task of defining the coordinates of both a field of academic study as well as a lens through which to assess and document cultural practice and embodied behavior. The contingent definitions documented in this series are based on the groundbreaking experiences and the scholarly endeavors of renowned figures in contemporary performance studies and practice.
=520  \\$aDiana Taylor is Professor of Performance Studies and Spanish at NYU. She is the author of Theatre of Crisis: Drama and Politics in Latin America (1991), which won the Best Book Award given by New England Council on Latin American Studies and Honorable Mention in the Joe E. Callaway Prize for the Best Book on Drama, of Disappearing Acts: Spectacles of Gender and Nationalism in Argentina's 'Dirty War' (1997), and The Archive and the Repertoire: Performing Cultural Memory in the Americas (2003) which won the ATHE Research Award in Theatre Practice and Pedagogy and the Modern Language Association Katherine Singer Kovacs Prize for the best book in Latin American and Spanish Literatures and Culture (2004). She is editor of Stages of Conflict: A Reader in Latin American Theatre and Performance (2008) and co-editor of Holy Terrors: Latin American Women Perform (2004), Defiant Acts/Actos Desafiantes: Four Plays by Diana Raznovich (2002), Negotiating Performance in Latin/o America: Gender, Sexuality and Theatricality (1994), and The Politics of Motherhood: Activists from Left to Right (1997). She has edited five volumes of critical essays on Latin American, Latino, and Spanish playwrights. Her articles on Latin American and Latino performance have appeared in The Drama Review, Theatre Journal, Performing Arts Journal, Latin American Theatre Review, Estreno, Gestos, Signs, MLQ and other scholarly journals. She has also been invited to participate in discussions on the role of new technologies in the arts and humanities in important conferences and commissions in the Americas (i.e. ACLS Commission on Cyberinfrastructure).
=530  \\$aAlso available online as streaming video.
=534  \\$pMedia source original:$e1 videocassette of 1 (Mini DV) : sd., col. ; 1/4 in. SP.$mPanasonic DVC60
=540  \\$aThere are copyright restrictions on this collection. For more information, go to the online version of this video.
=600  10$aTaylor, Diana,$d1950-$vInterviews.
=650  \0$aPerforming arts$xStudy and teaching.
=653  \\$aPerformance studies.
=655  \7$aInterview.$2nyu-hidvl
=700  1\$aTaylor, Diana,$d1950-$4ive
=700  1\$aKirshenblatt-Gimblett, Barbara.$4ivr
=710  2\$aHemispheric Institute of Performance and Politics.$4pro
=710  2\$aHemispheric Institute Digital Video Library.
=830  \0$aInterview series : What is performance studies?
=856  40$uhttp://hdl.handle.net/2333.1/70rxwdwg

