=LDR  05069cgm a2200661 a 4500
=001  000539593
=003  NNU
=004  NYUb13530703
=005  20090409123328.0
=006  m\\\\\\\\z\\\\\\\\
=007  vd\cvaizu
=007  vf\ciahou
=007  cr\cna
=007  cr\|||||||||||
=008  070829s2002\\\\cau126\\\\\\\\\\\\vleng\d
=024  7\$aHI2007_070_01$2nyu-hidvl
=024  7\$aHI2007_071_01$2nyu-hidvl
=024  7\$aHI2007_121_01$2nyu-hidvl
=024  7\$aHI2007.070_01$2nyu-hidvl
=035  \\$a(NYU)NYUb13530703
=040  \\$aNNU$cNNU$eamim
=079  \\$a(OCoLC)878606825
=245  00$aMummified deer$h[videorecording].
=260  \\$c2002 Apr.
=300  \\$3viewing copy.$a3 videodiscs of 3 (DVD) (126 min. : pt.1, 60 min. ; pt.2, 63 min. ; pt.3, 3 min.) :$bsd., col. ;$c4 3/4 in.
=300  \\$3master.$a3 videocassettes of 3 (Digital Betacam) (126 min.) :$bsd., col. ;$c1/2 in.
=490  1\$aEl Teatro Campesino collection
=530  \\$aAlso available online as streaming video.
=500  \\$aTitle supplied by Hemispheric Institute.
=500  \\$aPart of the Hemispheric Institute Digital Video Library.
=534  \\$pMedia source original:$e3 videocassettes of 3 (Mini DV) : sd., col. ; 1/4 in. SP.$mPanasonic DVM60.
=518  \\$aPerformed at El Teatro Campesino Playhouse, San Juan Bautista, California, in Apr. 2002.
=508  \\$aEl Teatro Campesino, producer; Anahuac Valdez, producer; Luis Valdez, director, writer; Lakin Valdez, assistant director; Kinan Valdez, Joe Cardinalli, production design; Paul Skelton, lighting design; Gabriela Fernandez, costume design; Emiliano Valdez, sound design; Sarah Guerra, stage manager, light board operator; Lupe Trujillo Valdez, casting director; Fernando Vélez, sound operator; Dorothy Martinez, costumer; Mauricio Rivera, production assistant; Claudia De La Rosa, assistant stage manager, assistant director; Pete Roybal, house manager, construction crew chief; Rubén C. González, Sarah Guerra, Jennifer Roybal, Anahuac Valdez, Kinan Valdez, Lakin Valdez, Fernando Velez, Susan Woods, construction crew; Anahuac Valdez, program design.
=511  1\$aAlma Martinez, Lakin Valdez, Estrella Esparza, Daniel Valdez, Rosa Escalante, Anita Reyes, Kinan Valdez, Luis Juarez, Durand Garcia, Sandra Longoria, Anne Bernstein.
=520  \\$aThis video documents El Teatro Campesino's performance Mummified Deer. The play was inspired by a 1984 newspaper article describing an 86-year-old woman in Juarez, Mexico who was found to be carrying a 60-year-old mummified fetus in her womb. Fifteen years later, playwright, director and founder of ETC Luis Valdez returned to the article while simultaneously embarking on a highly personal investigation of his own family history. Valdez traveled to Sonora, Mexico to investigate his family's Yaqui roots and ancestral history; Mummified Deer derived from his time in Mexico and the newspaper article, in what Valdez considers to be his most personal play to date. Armida, Valdezs mother, is re-envisioned as a young woman by the same name; his grandmothers, aunts and cousins fused into the other leading characters. The main action of the play takes place in 1999 by the side of Mama Chus hospital bed, but also flashes back to 1969 when the Chicano Movement was just starting, back through the thirties and twenties, to the turn of the 20th Century and the Mexican Revolution when Mama Chu crosses the border into the United States. The genocidal war against the Yaquis in Mexico, forcing Mama Chu to migrate to the US, is only one of the familys buried secrets. In spite of the fluidity of time zones, what anchors all the action is the constant presence of a young Yaqui deer dancer who dances but does not speak, symbolizing the 60-year-old mummified fetus. The play incorporates themes of family conflict within the broader context of history and social struggle. Staged two years after the original production at the San Diego Repertory Theater, this version of Mummified Deer contains several changes and refinements to the script.
=540  \\$aThere are copyright restrictions on this collection. For more information, go to the online version of this video.
=650  \0$aMexican Americans$vDrama.
=650  \0$aChicano movement$vDrama.
=650  \0$aYaqui Indians$vDrama.
=653  \\$aChicano theater
=655  \7$aPerformance.$2nyu-hidvl
=655  \7$aTheater.$2nyu-hidvl
=655  \7$aChicano theater.$2nyu-hidvl
=700  1\$aValdez, Anahuac.$4pro
=700  1\$aValdez, Luis.$4drt$4aut
=710  2\$aTeatro Campesino (Organization)
=710  2\$aHemispheric Institute Digital Video Library.
=830  \3$aEl Teatro Campesino collection.
=856  40$uhttp://hdl.handle.net/2333.1/612jm6bf
=853  00$81$apt.
=863  50$81.1$a1$p31142045977280
=863  50$81.2$a2$p31142045977298
=863  50$81.3$a3$p31142045979211
=954  \\$81$aVolumes

