=LDR  06282cgm a22008175a 4500
=001  000515218
=003  NNU
=004  NYUb13504125
=005  20071210173430.0
=006  m\\\\\\\\z\\\\\\\\
=007  vd\cvaizu
=007  vf\ciahou
=007  cr\cna
=007  cr\|||||||||||
=008  070612e20020218nyu093\\\\\\\\\\\\vleng\d
=024  7\$aHI2007_037_01$2nyu-hidvl
=024  7\$aHI2007_038_01$2nyu-hidvl
=024  7\$aHI2007.037_01$2nyu-hidvl
=024  7\$aHI2007.037_01$2nyu-hidvl
=035  \\$a(NYU)NYUb13504125
=040  \\$aNNU$cNNU$eamim
=245  00$aDouble agency$h[videorecording] :$bMiss Risqué & It's a small house and we've lived in it always
=246  30$aMiss Risqué
=246  30$aIt's a small house and we've lived in it always
=246  3\$aIt is a small house and we've lived in it always
=260  \\$c2002 Feb. 18.
=300  \\$3master.$a2 videocassettes of 2 (Digital Betacam) (93 min.) :$bsd., col. ;$c1/2 in.
=300  \\$3viewing copy.$a1 videodisc of 1 (DVD) (93 min. : pt.1, 53 min. ; pt.2, 40 min.) :$bsd., col. ;$c4 3/4 in.
=490  1\$aSplit Britches video collection
=530  \\$aAlso available online as streaming video.
=500  \\$aTitle supplied by Hemispheric Institute.
=500  \\$aPart of the Hemispheric Institute Digital Video Library.
=534  \\$pMedia source original:$e2 videocassettes of 2 (Mini DV) : sd., col. ; 1/4 in. SP.$mSony DVM60.
=518  \\$aPerformed at La Mama Experimental Theatre Club, New York City, on Feb. 18, 2002.
=508  \\$aSplit Britches, producer ; Suzy Willson, director ; Paul Clark, Suzy Willson, Lois Weaver, Peggy Shaw, writers ; Stormy Brandenberger, assistant director ; Paul Clark, original music ; Annabel Lee, set ; Susan Young, costumes.
=511  1\$aLois Weaver, Peggy Shaw.
=520  \\$aSince 1981, the Split Britches Company (founded by Lois Weaver, Peggy Shaw, and Deb Margolin, www.splitbritches.com) has written and performed in trio, duet, and solo, as well as collaborated and performed with other artists. They describe their work in this way: 'Our work is rooted in popular culture, but positioned against it. It relies on moments rather than plot, relationships rather than story. It depends on the surprise of transformation rather than the logic of psychological narrative. It straddles the line between performance and theater, exploiting theatricality while exposing the pretense. It is about a community of outsiders, queers, eccentrics. It is feminist because it encourages the imaginative potential in everyone and lesbian because it takes the presence of lesbian on stage as a given.' Their vaudevillian satirical gender-bending performances have received numerous awards, including a Jane Chamber award and four Village Voice OBIE awards. Their collection of scripts, 'Split Britches Feminist Performance/Lesbian Practice', edited by Sue Ellen Case, won the 1997 Lambda Literary Award for Drama. These two videos document the NY premieres of the shows 'Miss Risqué' and 'It's A Small House and We've Lived in It Always', performed at La Mama, in the context of the two-piece spectacle show 'Double Agency', the first collaboration between Split Britches and the renowned English troupe The Clod Ensemble. The first video in this set documents their piece 'Miss Risqué', a story of secrets and showgirls, set in turn-of-the-century Paris, where working-class girls could become rich and famous, prostitutes could pass for nobility, women could have open affairs with women, and sex wasn't exclusive to the marital bed. A piece on 'resistant femininity', 'Miss Risqué' is a lyrical lesbian tarantella that explores the power of femininity, visibility, invisibility and deception. It was commissioned by the Nuffield Theatre, Lancaster University and supported by the National Lottery through the Arts Council of England, the London Arts Board, and Queen Mary, University of London. The second video in this set documents their piece Its a Small House and We've Lived in it Always. In it, two explorers lay claim to the same territory. With three chairs as its only props, little speech, some song and much meaningful movement and expressive acting, the piece shows longtime cohabitants engaged in a contest for space. These people have known each other for a long time. They occupy a house the size of a small stage, a house divided and subdivided by time and bad habits. They sit on the porch, watch the horizon, and wait for the weather to change. Their only hope is an audience. As they move apart and then together, spurn advances and accept closeness, mime rejection and flirtation and reveal need, the two performers enact the ebb and flow of a universally resonant relationship. This work was first commissioned by the South Bank Center as part of the British Festival of Visual Theatre.
=540  \\$aThere are copyright restrictions on this collection. For more information, go to the online version of this video.
=650  \0$aLesbian theater.
=650  \0$aFeminist theater.
=650  \0$aWomen$xSexual behavior.
=650  \0$aLesbianism.
=650  \0$aFemininity.
=650  \0$aWorking class women.
=655  \7$aPerformance.$2nyu-hidvl
=655  \7$aTheater.$2nyu-hidvl
=655  \7$aLesbian theater.$2nyu-hidvl
=655  \7$aFeminist theater.$2nyu-hidvl
=655  \7$aPerformances (entertainment events).$2aat
=655  \7$aPerformance art.$2aat
=655  \7$aTheater (discipline).$2aat
=700  1\$aWillson, Suzy.$4drt$4aut
=700  1\$aWeaver, Lois.$4prf$4aut
=700  1\$aShaw, Peggy.$4prf$4aut
=710  2\$aSplit Britches (Theatre company)$4pro
=710  2\$aLa Mama Experimental Theatre Club.
=710  2\$aHemispheric Institute Digital Video Library.
=830  \0$aSplit Britches video collection.
=853  00$81$apt.
=863  50$81.1$a1$p31142045845628$wg
=853  00$81$apt.
=863  50$81.1$a2$p31142045845610
=856  40$uhttp://hdl.handle.net/2333.1/3j9kd561
=954  \\$81$aVolumes
=954  \\$81$aVolumes

