=LDR  03615cgm a22006135a 4500
=001  001010399
=003  NNU
=004  NYUb12826934
=005  20071210173425.0
=006  m\\\\\\\\z\\\\\\\\
=007  vd|czaizu
=007  vf|ciahou
=007  vd|czaizu
=007  cr\|||||||||||
=008  031013e200209uunyu060\\\\\\\\\\\\vleng\d
=024  7\$aHI2003_026_01$2nyu-hidvl
=024  7\$aHI2003.026_01$2nyu-hidvl
=040  \\$aNNU$cNNU$eamim
=245  00$aInterview with Tomás Ybarra-Frausto$h[videorecording].
=246  30$aTomás Ybarra-Frausto
=260  \\$c2002 Sept.
=300  \\$3viewing copy.$a1 videodisc of 1 (DVD) (60 min.) :$bsd., col. ;$c4 3/4 in.
=300  \\$3master.$a1 videocassette of 1 (Digital Betacam) (60 min.) :$bsd., col. ;$c1/2 in.
=490  1\$aHemispheric Institute featured interviews
=530  \\$aAlso available online as streaming video.
=500  \\$aTitle supplied by Hemispheric Institute.
=500  \\$aPart of the Hemispheric Institute Digital Video Library.
=534  \\$pMedia source original :$e1 videocassette of 1 (Mini DV) (60 min.) : sd., col. ; 1/4 in.$mPanasonic MiniDV.
=518  \\$aInterviewed in New York, New York, in Sept. 2002.
=508  \\$aHemispheric Institute of Performance and Politics, producer ; Karen Young, videographer.
=511  0\$aTomás Ybarra Frausto, interviewee ; Sean Cook, interviewer.
=520  \\$aInterview with Tomás Ybarra-Frausto, conducted by Sean Cook for the Hemispheric Institute of Performance and Politics (www.hemisphericinstitute.org). Formally the Associate Director for Creativity and Culture at the Rockefeller Foundation, Tomás Ybarra-Frausto's work with the division included the Humanities Residency Fellowship Program, Museum Program, US-Mexico Fund for Culture, and La Red Latino Americana de Productores Culturales. Prior to his work at the Foundation, Tomás was a tenured professor at Stanford University in the Department of Spanish and Portuguese. As a leading historian and theorist in the field of Chicano Studies, he has written extensively on the subject and has been instrumental in defining the canons of Chicano art. Tomás has served as chair of the Board of the Mexican Museum in San Francisco and chair of the Smithsonian Council. In 1999, he was awarded the Henry Medal by the Smithsonian Institution. He received a Ph.D. in Spanish in 1979 and an M.A. in Latin American literature in 1973, both at the University of Washington at Seattle. He obtained his B.A. in Spanish from the University of Texas at Austin in 1960.
=540  \\$aThere are copyright restrictions on this collection. For more information, go to the online version of this video.
=600  10$aYbarra-Frausto, Tomás,$d1938-$vInterviews.
=650  \0$aMexican Americans$xRace identity.
=650  \0$aMexican American art.
=650  \0$aMexican American arts.
=650  \0$aMexican Americans$xStudy and teaching.
=653  \\$aChicano art
=653  \\$aChicano studies
=653  \\$aRasquachismo
=655  \7$aInterview.$2nyu-hidvl
=700  1\$aYbarra-Frausto, Tomás,$d1938-$4ive
=700  1\$aCook, Sean.$4ivr
=700  1\$aYoung, Karen.$4vdg
=710  2\$aHemispheric Institute of Performance and Politics.$4pro
=710  2\$aHemispheric Institute Digital Video Library.
=830  \0$aHemispheric Institute featured interviews.
=856  40$uhttp://hdl.handle.net/2333.1/ht76hdw2

