=LDR  04709ngm a2200649 a 4500
=001  000032066
=003  NNU
=004  000032066
=005  20100208144655.0
=006  m\\\\\\\\z\\\\\\\\
=007  vd\cvaizu
=007  vf\ciahou
=007  cr\cna|||||||a
=007  cr\|||||||||||
=007  vd\cvaizu
=008  080503s2003\\\\xx\055\\\\\\\\\\\\vlspa\d
=024  7\$aHI2007_236_01$2nyu-hidvl
=024  7\$aHI2007.236_01$2nyu-hidvl
=040  \\$aNNU$cNNU$eamim
=041  0\$aspa
=079  \\$a(OCoLC)227163673
=245  00$a4.48 psicosis$h[videorecording].
=246  3\$a4.48 psychosis
=260  \\$c2003.
=300  \\$3viewing copy.$a1 videodisc of 1 (DVD) (55 min.) :$bsd., col. ;$c4 3/4 in.
=300  \\$3master.$a1 videocassette of 1 (Digital Betacam) (55 min.) :$bsd., col. ;$c1/2 in.
=490  1\$aMapa Teatro : Laboratorio de Artistas collection
=530  \\$aAlso available online as streaming video.
=546  \\$aIn Spanish.
=500  \\$aTitle supplied by Hemispheric Institute.
=500  \\$aPart of the Hemispheric Institute Digital Video Library.
=534  \\$pMedia source original:$e1 videocassette of 1 (Mini DV) : sd., col. ; 1/4 in. SP.$mPanasonic DVM60.
=518  \\$aPerformed at Mapa Teatro Laboratorio de Artistas, Bogotá, Colombia, in 2003.
=508  \\$aMapa Teatro, producer ; Heidi Abderhalden Cortés, director ; Sarah Kane, writer ; Catalina Rodríguez, Carlos Benavides 'Champi', translators ; Alfredo Vargas 'Bicho' , music ; José Ignacio Rincón, staging ; Mauricio Esguerra, photography ; Heidi Abderhalden, Rolf Abderhalden, visual concept.
=511  1\$aHeidi Abderhalden Cortés.
=520  \\$aMapa Teatro's piece '4.48 Psicosis,' based on Sarah Kane's posthumous play, references that time at dawn where psychotic crisis episodes present themselves. The text is not a product of depression but a dramatic poem where words are decanted by disillusionment, a solo symphony at 4:48 am, the happy hour when clarity pays a visit. In this production, the voice - along with music and fragmented images - is configured in space as a poetic sound installation. Three voices are present: that of a fragmented mind, that of a woman in love with absence, and the soft psychiatric voice of reason. The resulting performance is not a representation or a description of Kane's texts, but a series of photograms portraying the journey of a woman pierced by visions of a dehumanized world. One of the foremost artistic companies in Colombia, Mapa Teatro (www.mapateatro.org) has been producing theater, performance and art installation projects since 1984. Founders and directors, Rolf and Heidi Abderhalden have created a wide ranging repertoire of theater, opera, mixed-media performance, and site-specific installation. Their work proposes richly textured visual metaphors in which they consider often complex psychological, social and political relationships. Committed to experimentation, and less interested in the actor as an 'agent of fiction,' they describe their project as 'a laboratory of social imagination,' that offers a space for presenting community issues and human concerns in media and performance. This combination of real-life situations and sites along with highly stylized aesthetic staging produces a tension between real action and (re)presentation. Mapa Teatro draws from live events captured on video such as the demolition of a neighborhood in Bogotá, ritual practice, and texts that explore the relationship of postmodern subjects, myth and metaphor. Mapa Teatro has performed by commissions, festivals and collaborative projects world-wide.
=540  \\$aThere are copyright restrictions on this collection. For more information, go to the online version of this video.
=600  10$aKane, Sarah,$d1971-1999.$t4.48 psychosis$vAdaptations.
=650  \0$aTheater$zColumbia$zBogotá.
=650  \0$aPerforming arts$zColumbia$zBogotá.
=650  \0$aTheater and society$zColumbia$zBogotá.
=650  \0$aMental illness$xSocial aspects$vDrama.
=655  \7$aPerformance.$2nyu-hidvl
=655  \7$aTheater.$2nyu-hidvl
=655  \7$aMultimedia performance.$2nyu-hidvl
=655  \7$aExperimental theater.$2nyu-hidvl
=700  1\$aAbderhalden, Heidi.$4drt$4ccp
=700  1\$aKane, Sarah,$d1971-1999.$4aut
=700  1\$aRodríguez Lazcano, Catalina.$4trl
=700  1\$aBenavides, Carlos.$4trl
=710  2\$aMapa Teatro.$4pro
=710  2\$aHemispheric Institute Digital Video Library.
=830  \0$aMapa Teatro : Laboratorio de Artistas collection
=856  40$uhttp://hdl.handle.net/2333.1/0p2ngf87

