=LDR  05223cgm a2200577 a 4500
=001  003807809
=005  20140421222334.0
=006  m\\\\\\\\c\\\\\\\\
=007  cr\cna|||m|||a
=007  cr\|||||||||||
=008  130823e20030320ck\043\\\\\\\\s\\\vlspa\d
=024  7\$aHI2012_041_01$2nyu-hidvl
=040  \\$aNNU$beng$cNNU
=041  0\$aspa
=043  \\$as-ck---
=245  00$aPrometeo (documental)$h[videorecording] =$bPrometheus (documentary) /$cHeidi Abderhalden, Rolf Abderhalden, Fundación Mapa Teatro, creators and directors ; Ximena Vargas and José Ignacio Rincón, producers ; PNUD - Alcaldía Mayor de Bogotá, producer.
=246  31$aPrometheus (documentary)
=260  \\$c2003 Mar. 20.
=300  \\$3viewing copy.$astreaming video (42 min., 25 sec.) :$bsd., col.
=490  1\$aMapa Teatro : Laboratorio de Artistas collection
=546  \\$aIn Spanish.
=500  \\$aTitle supplied by Hemispheric Institute.
=500  \\$aPart of the Hemispheric Institute Digital Video Library.
=518  \\$aPerformed in Bogotá, Colombia, on March 20, 2003.
=508  \\$aMaria Paula Alarcon and Leonardo Rodriguez, coordinators ; Enrique Alfonso, photographer ; Gloria Díaz-Granados, graphic designer ; Carlos Benavides, composer ; Lucas Maldonado (Maldonado Loboguerrero Ltd), videographer.
=511  1\$aLuis Carlos Arango, Claudia Carpintero, Daniel Carpintero, Jhornle Carpintero, Jairo Andres Cárdenas, Carlos Alberto Carrilo, Jorgue Enrique Gaitan, J. Giovanni Garcia, Edison López, Hilda Zorayda López, Angela Moreno, Margarita Palacio, Luis Ernesto Pardo, Camilo Rengifo Tangarife, Sandra Milena Tangarife, Ulises Becerra, Adriana Caballero, Hugo Caicedo, Zorayda Chaia, Ayrin Gambin, Javier Garzón, Angela Montaña, Judith Pérez, Jair Ramírez, Martha Isabel Rivas, Claudia Torres, Miguel Angel Torres, Rafael Zea, performers.
=520  \\$aThis is a video documentation of Mapa Teatro’s artistic creation laboratory, with the participation of a group of former inhabitants of the neighborhood of Santa Inés del Cartucho, between 2002 and 2003. The laboratory’s goal was to stage the first act of ‘Prometheus,’ by Heiner Müller (1929-1995), to be performed in the vacant land left after the demolition of El Cartucho. This neighborhood was erased during the gentrification process promoted by the Peñalosa’s administration in 1990. This documentary shows the stories and memories of the people evicted from their space: how they got there, how their lives were there, how their affects and bodies were part of El Cartucho. Both these stories and archive images from the gentrification’s years, allow an approximation to the diverse experiences of reality before, during, and after the demolition and extermination of this historical space.
=520  \\$aOne of the foremost artistic companies in Colombia, Mapa Teatro (www.mapateatro.org) has been producing theater, performance and art installation projects since 1984. Founders and directors, Rolf and Heidi Abderhalden have created a wide ranging repertoire of theater, opera, mixed-media performance, and site-specific installation.Their work proposes richly textured visual metaphors in which they consider often complex psychological, social and political relationships. Committed to experimentation, and less interested in the actor as an 'agent of fiction,' they describe their project as 'a laboratory of social imagination,' that offers a space for presenting community issues and human concerns in media and performance. This combination of real-life situations and sites along with highly stylized aesthetic staging produces a tension between real action and (re)presentation. Mapa Teatro draws from live events captured on video such as the demolition of a neighborhood in Bogotá, ritual practice, and texts that explore the relationship of postmodern subjects, myth and metaphor. Mapa Teatro has performed by commissions, festivals and collaborative projects world-wide.
=534  \\$pMedia source original:$e1 videocassette of 1 (Mini DV) : sd., col. ; 1/4 in. SP.$mSony Premium DVM60-ME
=540  \\$aThere are copyright restrictions on this collection. For more information, go to the online version of this video.
=600  10$aMüller, Heiner,$d1929-1995.$tPrometheus$vAdaptations.
=600  00$aPrometheus$c(Greek deity)$vDrama.
=650  \0$aTheater$zColumbia$zBogotá.
=650  \0$aGentrification$zColumbia$zBogotá.
=650  \0$aTheater and society$zColumbia$zBogotá.
=651  \0$aEl Cartucho (Bogotá, Colombia)
=655  \7$aPerformance.$2nyu-hidvl
=655  \7$aTheater.$2nyu-hidvl
=655  \7$aLaboratory.$2nyu-hidvl
=655  \7$aAcción.$2nyu-hidvl
=700  1\$aAbderhalden, Heidi.$4cre$4drt
=700  1\$aAbderhalden, Rolf.$4cre$4drt
=700  1\$aVargas, Ximena.$4pro
=700  1\$aRincón, José Ignacio.$4pro
=710  2\$aMapa Teatro.$4cre$4drt
=710  2\$aUNDP Colombia.$4pro
=710  1\$aBogotá (Colombia).$bAlcaldía Mayor.$4pro
=710  2\$aHemispheric Institute Digital Video Library.
=830  \0$aMapa Teatro : Laboratorio de Artistas collection.
=856  40$uhttp://hdl.handle.net/2333.1/xsj3v03m

