=LDR  05591cgm a2200601 a 4500
=001  003808544
=005  20140421222350.0
=006  m\\\\\\\\c\\\\\\\\
=007  cr\cna|||m|||a
=007  cr\|||||||||||
=008  130823s2003\\\\ck\023\\\\\\\\s\\\vlspa\d
=024  7\$aHI2012_042_01$2nyu-hidvl
=040  \\$aNNU$beng$cNNU
=041  0\$aspa
=043  \\$as-ck---
=245  00$aPrometeo$h[videorecording] =$bPrometheus /$cHeidi Abderhalden, Rolf Abderhalden, Fundación Mapa Teatro, creators and directors ; Ximena Vargas, Camila Loboguerrero, producers ; Proyecto C´úndua - Laboratorio del imaginario social, Alcaldía Mayor de Bogotá, producer.
=246  31$aPrometheus
=260  \\$c2003.
=300  \\$3viewing copy.$astreaming video (22 min., 40 sec.) :$bsd., col.
=490  1\$aMapa Teatro : Laboratorio de Artistas collection
=546  \\$aIn Spanish.
=500  \\$aTitle supplied by Hemispheric Institute.
=500  \\$aPart of the Hemispheric Institute Digital Video Library.
=500  \\$aPart of "Proyecto C´úndua - Laboratorio del imaginario social."
=500  \\$aBased on texts by Heiner Müller and oral stories by former inhabitants of the neighborhood of Santa Inés ‘El Cartucho’.
=518  \\$aPerformed in Bogotá, Colombia, in 2003.
=508  \\$aIsidro Miranda, David González, Igor Acosta, videographers ; Sebastian Gutiérrez, editor ; Carlos Benavides, composer.
=511  1\$aLuis Carlos Arango, Claudia Carpintero, Daniel Carpintero, Jhornel Carpintero, Jairo Andres Cárdenas, Carlos Alberto Carrillo, Jorgue Enrique Gaitan, J. Giovanni Garcia, Clara Emilia Gonzáles, Edison López, Hilda Zorayda López, Luz Angela Moreno, Margarita Palacio, Luis Ernesto Pardo, Camilo Rengifo Tangarife, Sandra Milena Tangarife, Ana, Leo, and Asunción, performers.
=520  \\$aThis is a video documentation of the staging of ‘Prometheus,’ performed by the participants of the artistic creation laboratory lead by Mapa Teatro in collaboration with former inhabitants of the neighborhood Santa Inés del Cartucho, demolished during the gentrification process of Bogota’s historic downtown. The minimal objects rescued from this erased space, such as chairs, tables, and beds, are in contrast with the open space of the illuminated city – an ironic horizon for stories of loss and displacement. Both through archive images and video, the inhabitants of El Cartucho tell their stories, individually and collectively, and the spectators can get a glimpse of memories that remain after being removed from a space of belonging. The video documentation of this performance suggests the many layers involved in the process of remembering and forgetting: the bodies of these Colombian citizens perform in a space that is not there anymore, neither for them nor for us. In the same way that their presence in a ghostly space activate living memories, Mapa Teatro’s documentation project is an invitation to engage with the ongoing process of enacting memory, and to question the guidelines imposed in the name of a progress that intends to erase whatever it considers ‘unacceptable.’
=520  \\$aOne of the foremost artistic companies in Colombia, Mapa Teatro (www.mapateatro.org) has been producing theater, performance and art installation projects since 1984. Founders and directors, Rolf and Heidi Abderhalden have created a wide ranging repertoire of theater, opera, mixed-media performance, and site-specific installation.Their work proposes richly textured visual metaphors in which they consider often complex psychological, social and political relationships. Committed to experimentation, and less interested in the actor as an 'agent of fiction,' they describe their project as 'a laboratory of social imagination,' that offers a space for presenting community issues and human concerns in media and performance. This combination of real-life situations and sites along with highly stylized aesthetic staging produces a tension between real action and (re)presentation. Mapa Teatro draws from live events captured on video such as the demolition of a neighborhood in Bogotá, ritual practice, and texts that explore the relationship of postmodern subjects, myth and metaphor. Mapa Teatro has performed by commissions, festivals and collaborative projects world-wide.
=534  \\$pMedia source original:$e1 videocassette of 1 (Mini DV) : sd., col. ; 1/4 in. SP.$mSony Premium DVM60-ME
=540  \\$aThere are copyright restrictions on this collection. For more information, go to the online version of this video.
=600  10$aMüller, Heiner,$d1929-1995.$tPrometheus$vAdaptations.
=600  00$aPrometheus$c(Greek deity)$vDrama.
=650  \0$aTheater$zColumbia$zBogotá.
=650  \0$aGentrification$zColumbia$zBogotá.
=650  \0$aTheater and society$zColumbia$zBogotá.
=650  \0$aMemory$xSocial aspects$zColumbia$zBogotá.
=651  \0$aEl Cartucho (Bogotá, Colombia)
=655  \7$aPerformance.$2nyu-hidvl
=655  \7$aTheater.$2nyu-hidvl
=655  \7$aLaboratory.$2nyu-hidvl
=655  \7$aAcción.$2nyu-hidvl
=700  1\$aAbderhalden, Heidi.$4cre$4drt
=700  1\$aAbderhalden, Rolf.$4cre$4drt
=700  1\$aVargas, Ximena.$4pro
=700  1\$aLoboguerrero, Camila.$4pro
=710  2\$aMapa Teatro.$4cre$4drt
=710  1\$aBogotá (Colombia).$bAlcaldía Mayor.$4pro
=710  2\$aHemispheric Institute Digital Video Library.
=830  \0$aMapa Teatro : Laboratorio de Artistas collection.
=856  40$uhttp://hdl.handle.net/2333.1/t1g1jzjw

