=LDR  03578cgm a22007215a 4500
=001  001008946
=003  NNU
=004  NYUb12825366
=005  20110923144502.0
=006  m\\\\\\\\z\\\\\\\\
=007  vd|cvaizu
=007  vf|ciahou
=007  vd|cv\hou
=007  cr\|||||||||||
=008  031013e200307uunyu120\\\\\\\\\\\\vlspa\d
=024  7\$aHI2003_017_01$2nyu-hidvl
=024  7\$aHI2003_018_01$2nyu-hidvl
=024  7\$aHI2003.017_01$2nyu-hidvl
=035  \\$a(NYU)NYUb12825366
=040  \\$aNNU$cNNU$eamim
=041  0\$aspa$aeng
=043  \\$as-pe---$acl-----
=245  00$aSusana Baca in concert$h[videorecording].
=260  \\$c2003 July.
=300  \\$3viewing copy.$a2 videodiscs of 2 (DVD) (120 min.) :$bsd., col. ;$c4 3/4 in.
=300  \\$3master.$a2 videocassettes of 2 (Digital Betacam) (120 min.) :$bsd., col. ;$c1/2 in.
=530  \\$aAlso available online as streaming video.
=546  \\$aIn Spanish and English.
=500  \\$aTitle supplied by Hemispheric Institute.
=500  \\$aPart of the Hemispheric Institute Digital Video Library.
=534  \\$pMedia source original:$e2 videocassettes of 2 (Mini DV) : digital sd., col. ; 1/4 in.
=518  \\$aPart of the Spectacles of Religiosities Seminar, Hemispheric Institute of Performance and Politics, New York University, July 5-12, 2003.
=508  \\$aHemispheric Institute of Performance and Politics, producer ; Susana Baca, creator ; NYU TV and Media, videographer.
=511  0\$aSusana Baca, singer ; Juan Mediano Cotito, Hugo Bravo Sánchez, David Pinto Pinedo, Serio Valdeos Bensa, musicians.
=520  \\$aVideo documentation of Susana Baca's concert, presented as a part of the 4th Encuentro of the Hemispheric Institute of Performance and Politics, celebrated in July of 2003 in New York City, United States under the title 'Spectacles of Religiosities'. Susana Baca is the foremost singer of Afro-Peruvian music. Her music, distributed by Luaka Bop record label, has promoted an awareness of the many cultural contributions of African-Peruvians. Also, to this aim, in 1992 Susana and her husband Ricardo Pereira founded the Instituto NegroContinuo in Lima to teach and preserve the dance and music of her ancestors. Susana Baca won a Grammy Award in 2002.
=540  \\$aThere are copyright restrictions on this collection. For more information, go to the online version of this video.
=650  \0$aMusic$zPeru.
=650  \0$aMusic$xAfrican influences.
=650  \0$aMusic$zLatin America.
=650  \0$aWomen singers$zPeru.
=653  \\$aAfro-Peruvian
=655  \7$aPerformance.$2nyu-hidvl
=655  \7$aConcert.$2nyu-hidvl
=650  \0$aMusic$zPeru.
=655  \7$aAfro-Peruvian music.$2nyu-hidvl
=700  1\$aBaca, Susana.$4cre$4sng
=700  1\$aMediano Cotito, Juan.$4mus
=700  1\$aBravo Sánchez, Hugo.$4mus
=700  1\$aPinto Pinedo, David.$4mus
=700  1\$aValdeos Bensa, Serio.$4mus
=710  2\$aHemispheric Institute of Performance and Politics.$4pro
=710  2\$aNYU-TV (Television station : New York, N.Y.)$4vdg
=710  2\$aHemispheric Institute Digital Video Library.
=711  2\$aHemispheric Institute Encuentro$n(4th :$d2003 :$cNew York, N.Y.).$tSpectacles of religiosities.
=853  00$81$adisc
=863  50$81.1$a1$p31142040272497
=863  50$81.2$a2$p31142040272505$wg
=856  40$uhttp://hdl.handle.net/2333.1/x3ffbgf1
=954  \\$81$aVolumes

