=LDR  02789ngm a2200421   4500
=001  004191090
=005  20160613122419.0
=006  m\\\\\\\\c\\\\\\\\
=007  cr\cna|||m|||a
=007  cr\|||||||||||
=008  150928e20030612nyu115\\\\\\\\s\\\vleng\d
=024  7\$aHI2014_019_01$2nyu-hidvl
=024  7\$aHI2014_020_01$2nyu-hidvl
=040  \\$aNNU$beng$cNNU
=041  0\$aeng
=245  00$aRewind (a soundtrack for longing)$h[videorecording] /$cGreg Beuthin, writer.
=260  \\$c2003 Jun. 12.
=300  \\$3viewing copy.$astreaming video (114 min., 57 sec.: pt.1: 52 min., 23 sec.; pt.2: 62 min., 34 sec.) :$bsd., col.
=490  1\$aHip Hop Theater Festival
=500  \\$aTitle supplied by the Hemispheric Institute.
=500  \\$aPart of the Hemispheric Institute Digital Video Library.
=511  1\$aGreg Beuthin, performer.
=518  \\$aPerformed at the New York Theatre Workshop, 79 E 4th St., New York City, on June 12, 2003.
=520  \\$aA chance encounter occurs between an aspiring club DJ, his agent, her ex-boyfriend, and a bike messenger and no one is ever the same. Through a blend of culture, sexuality and music the entrance of the mysterious stranger forces the romantic triad to face each other and themselves in Greg Beuthin’s Rewind (A Soundtrack for Longing). What begins as an ordinary day with ordinary people becomes a poignant look at war, culture, and love. This staged reading was presented as part of the NYC Hip-Hop Theater Festival.
=520  \\$aHip-Hop Theater Festival is dedicated to presenting and showcasing theater written by and about the Hip-Hop generation. Since 2004, its creators have worked with emerging and established artists to develop work that broadens conversations around Hip-Hop on a global scale. Dedicated to inciting dialogue and social change, HHTF recognizes the power of Hip-Hop and the power of theater as a medium. For a culture whose impact can be seen and felt around the globe, Hip-Hop Theater Festival works to shine light on the diversity and innovation within the world of Hip-Hop.
=534  \\$pMedia source original:$e2 videocassettes (Mini DV) : sd., col. ; 1/4 in. SP.$mSony Premium DVM60-ME
=540  \\$aThere are copyright restrictions on this collection. For more information, go to the online version of this video.
=546  \\$aIn English.
=650  \0$aIdentity politics.
=650  \0$aPerformance art$xPolitical aspects.
=655  \7$aTheater.$2nyu-hidvl
=655  \7$aStage reading.$2nyu-hidvl
=655  \7$aHip-Hop theater.$2nyu-hidvl
=700  1\$aBeuthin, Greg.$4cre$4prf
=710  2\$aHemispheric Institute Digital Video Library.
=830  \0$aHip-Hop Theater Festival (Hi-ARTS)
=856  40$uhttp://hdl.handle.net/2333.1/p2ngf48q

