=LDR  08622nga a2200817 a 4500
=001  000029187
=003  NNU
=004  NYUb13605936
=005  20080418182834.0
=006  m\\\\\\\\z\\\\\\\\
=007  vd\cvaizu
=007  vf\ciahou
=007  cr\cna
=007  cr\|||||||||||
=008  080418e200311uuag\107\\\\\\\\\\\\vlspa\d
=024  7\$aHI2007_224_01$2nyu-hidvl
=024  7\$aHI2007_225_01$2nyu-hidvl
=024  7\$aHI2007.224_01$2nyu-hidvl
=040  \\$aNNU$cNNU$eamim
=041  0\$aspa
=043  \\$as-ag---
=079  \\$a(OCoLC)226381334
=245  03$aEl fulgor argentino$h[videorecording].
=246  3\$aFulgor argentino, club social y deportivo
=260  \\$c2003 Nov.
=300  \\$3master.$a2 videocassettes of 2 (Digital Betacam) (107 min.) :$bsd., col. ;$c1/2 in.
=300  \\$3viewing copy.$a2 videodiscs of 2 (DVD) (107 min. : pt.1, 62 min. ; pt.2, 45 min.) :$bsd., col. ;$c4 3/4 in.
=490  1\$aGrupo de Teatro Catalinas Sur collection
=530  \\$aAlso available online as streaming video.
=546  \\$aIn Spanish.
=500  \\$aTitle supplied by Hemispheric Institute.
=500  \\$aPart of the Hemispheric Institute Digital Video Library.
=534  \\$pMedia source original:$e2 videocassettes of 2 (Mini DV) : sd., col. ; 1/4 in. SP.$mSony DVM60.
=518  \\$aPerformed at Galpón de Catalinas, La Boca, Buenos Aires, Argentina, in Nov. 2003.
=508  \\$aGrupo de Teatro Catalinas Sur, producer, texts ; Adhemar Bianchi, Ricardo Talento, directors ; Andrea Salvemini, music arrangements, musical director ; Cristina Ghione, music, songs & lyrics ; Marcelo Delgado, original music ; Stella Giaquinto, Alfredo Iriarte, assistant directors ; Gabriela Guastavino, production assistant ; Cristina Paravano, video production ; Alfredo Iriarte, Gabriela Guastavino, puppets ; Alejandro Arteta, Lucas Gasparini, lighting design ; Eduardo Martiné, soundtrack ; Mariana Delgado, sound ; Claudia Tomsig, costumes ; Gabriela Guastavino, costumes assistant ; Mario Sacco, stage design ; Omar Gasparini, set design & sets ; Francisco Belevicius, set structures ; Rafael Cullen, history consultant ; Julián Caniefsky, videographer ; Marcelo Velázquez, editor.
=511  1\$aGrupo de Teatro Catalinas Sur, Adriana El Daher, Alejandro Durisotti, Alejandro Capela, Alejandro Pérez, Alfredo Iriarte, Alicia Creimer, Alicia Rico, Alicia Tapia, Ana Magliola, Ana Serralta, Andrea Salvemini, Andrea Lorenzi, Andrea García, Analía Vera, Analía Raful, Andrés Braun, Andrés Genin, Andrés Verde, Anita Poggioli, Ariel Sanabria, Billy Becaria, Cecilia Ocampo, Carla Bergonzi, Cecilia Ortelli, Cecilia Morelli, Cecilia Ortiz, Cecilia Boccadoro, Celia Molina, Celina García, César Wilchen, Claudio Rodríguez, Cristian Pereyra, Cristina Jacobsohn, Cristina Paravano, Cristina Iharur, Cristina Laraya, Daniel Álvarez, Daniel García, Daniel Tarnovsky, Darío Castellini, Diana González, Diego De Acha, Eduardo Macuer, Eduardo Martiné, Elena Dressler, Elvira Villarino, Enrique Arbiser, Enriqueta Romero, Esteban Martiné, Esther Fernández, Esther Tolosa, Ezequiel Florio, Fabio Abalsamo, Federico Howard, Franco Solazzi, Gabriel Ferrari, Gabriel Rey Leyes, Gabriela Casal, Gabriela Guastavino, Georgino Silveira, Gerardo Castro, Gilda Arteta, Gonzalo Acuña, Graciela Saumell, Gris Yapur, Héctor Aguilar, Héctor Quiroga, Hernán Julianelli, Hugo Leale, Ia Arteta, Ilda Silva, Inés Zapiola, Jimena Arias, Jorge Aizenberg, Jorge Barroso, Jorge Cerro, Jorge Movia, José Bravo, Juan Pablo Forestier, Juan Tagliabue, Juliana Ciancio, Juliana Corazzina, Julio Girela, Laura García, Laura González, Laureano Fernández, Lázaro Teper, Lucila Cidale, Lucila Bigatti, Luisa Andino, Luli Mastronicola, Marcelo Velázquez, María E. Díaz Vélez, María Inés López, María Luisa Deziano, María Nilda Pérez, Mario Méndez, Mario Vidal, Martín Otaño, Micaela Acosta, María Teresa Ponce, Marta Fajardo, Mauro Solazzi, Mercedes Capelino, Miguel Ángel López, Miguel Calmón, Miguel Mitre, Mónica Coitinho, Mónica Rebolini, Natalia Castesana, Nicolás Paszcowicz, Noé Condo, Nora Mouriño, Omar Gasparini, Pablo Bochichio, Pablo Bondarevsky, Pancho Belevicius, Paola Zacarías, Patricia Santoyanni, Patricia Zarza, Paula Schenone, Paula Vázquez, Pedro Palacios, Pedro Vega, Ricardo Cerneux, Roberto Cidale, Ricardo Lázara, Rubén Schiaffino, Sebastián Carrera, Silvana Saenz, Silvia Arévalo, Solange Veneziani, Soledad Pascual, Stella Giaquinto, Stella Maris Aguirre, Susana Beraldo, Susana García, Sylvia Pinto, Tomás Casares, Tomás Pérez, Valeria Mitre, Verónica Sabán, Víctor Drubach, Víctor Vélez, Violeta Lizasoain, Viviana Marino, Ximena Bianchi, Yanina Gallardo, Zully González, Ayelen Ahtan, Eduardo Bertoglio, Matías Betancur, Pablo Caiano.
=520  \\$a'El Fulgor Argentino, Club Social y Deportivo' brings together a hundred performers, an orchestra and big puppets in order to perform a hundred years of Argentine history (1930-2030) as seen through the social dances of a community club. El Fulgor Argentino social club opens its doors as a dance hall in 1930. The military coup that brings down the presidency of Hipólito Yrigoyen interrupts the party. From then on, the dance hall activities reflect the ups and downs in Argentinean history. Political confrontations and military coups cut short El Fulgor's dance party, a celebration permanently struggling to be resumed. Rhythms change, fashion trends change, the dance is interrupted and reopened, to the beat of history's ebbs and flows. This piece is, in Catalinas Sur's own words, an exploration of memory, not as a scientific or academic approach to historical events, but as an artistic attempt to recover and recreate milestones of the community's collective memory. The idea of Grupo de Teatro Catalinas Sur (www.catalinasur.com.ar) came to life during a neighborhood barbeque held by a school's parents association in 1983. It was during the time of Argentina's military dictatorship, which stifled popular expression, and the theater group used its community service as a form of resistance that strengthened feelings of solidarity and mutual binding. The group remains rooted in its Buenos Aires neighborhood, even as its membership and fame has grown, performing in a converted warehouse. Catalinas Sur members are acknowledged followers of the traditional artistic forms performed in the quarter which has been the birthplace of the popular arts: puppeteers, musicians, actors, artists originating from the old continent or from Latin America and who mingled their art, like a crucible, with the neighborhood. Firm believers that society can be changed by teamwork and a sense of community, Catalinas Sur has created more than 20 plays and, sweeping aside all false generation gaps, has now over 300 actors. In their own words, 'with the advent of this globalized and inhumane millennium, we are attempting, through the theater, to remember the value of our individual and collective histories, and revive the memory that believed and believes in a better world.'
=540  \\$aThere are copyright restrictions on this collection. For more information, go to the online version of this video.
=650  \0$aCommunity theater.
=650  \0$aTheater$zArgentina.
=651  \0$aBoca (Buenos Aires, Argentina)
=651  \0$aArgentina$xPolitics and government.
=651  \0$aArgentina$xHistory$y20th century.
=651  \0$aArgentina$xHistory$y2002-
=655  \7$aPerformance.$2nyu-hidvl
=655  \7$aTheater.$2nyu-hidvl
=655  \7$aArgentinean theater.$2nyu-hidvl
=655  \7$aCommunity theater.$2nyu-hidvl
=655  \7$aPopular theater.$2nyu-hidvl
=655  \7$aCollective creation.$2nyu-hidvl
=700  1\$aBianchi, Adhemar.$4drt
=700  1\$aTalento, Ricardo.$4drt
=700  1\$aSalvemini, Andrea.$4mus$4drt
=700  1\$aGhione, Cristina.$4mus
=700  1\$aDelgado, Marcelo.$4mus
=700  1\$aGiaquinto, Stella.$4drt
=700  1\$aIriarte, Alfredo.$4drt
=700  1\$aGuastavino, Gabriela.$4prd
=700  1\$aParavano, Cristina.$4prd$4vdg
=710  2\$aGrupo de Teatro Catalinas Sur.$4pro
=710  2\$aHemispheric Institute Digital Video Library.
=830  \0$aGrupo de Teatro Catalinas Sur collection
=856  40$uhttp://hdl.handle.net/2333.1/djh9w14z
=853  00$81$apt.
=863  50$81.1$a1$p31142047203081
=863  50$81.2$a2$p31142047203099
=954  \\$81$aVolumes

