=LDR  04879cgm a22006735a 4500
=001  000511914
=003  NNU
=004  NYUb13500354
=005  20090408133326.0
=006  m\\\\\\\\z\\\\\\\\
=007  vd\cvaizu
=007  vf\ciahou
=007  cr\cna
=007  cr\|||||||||||
=008  070529e200301uuck\043\\\\\\\\\\\\vlspa\d
=024  7\$aHI2006_130_01$2nyu-hidvl
=024  7\$aHI2006.130_01$2nyu-hidvl
=035  \\$a(NYU)NYUb13500354
=040  \\$aNNU$cNNU$eamim
=041  0\$aspa
=043  \\$as-ck---
=245  00$aPreguntas inútiles$h[videorecording].
=260  \\$c2003 Jan.
=300  \\$3master.$a1 videocassette of 1 (Digital Betacam) (43 min.) :$bsd., col. ;$c1/2 in.
=300  \\$3viewing copy.$a1 videodisc of 1 (DVD) (43 min.) :$bsd., col. ;$c4 3/4 in.
=490  1\$aTeatro Experimental de Cali (TEC) / Enrique Buenaventura collection
=530  \\$aAlso available online as streaming video.
=546  \\$aIn Spanish.
=500  \\$aTitle supplied by Hemispheric Institute.
=500  \\$aPart of the Hemispheric Institute Digital Video Library.
=534  \\$pMedia source original:$e1 videocassette of 1 (VHS) : sd., col. ; 1/2 in. SP.$mTDK T-120.
=518  \\$aPerformed in Cali, Colombia, in Jan. 2003.
=508  \\$aEnrique Buenaventura, writer ; Teatro Experimental de Cali, producer, set, props, costumes ; Jacqueline Vidal, staging, lighting design ; Huber Botero, videographer ; Gustavo Vivas, Juan Carlos Maya, music ; Hilder Molina, César Betancourt, choreography ; María E. Pérez, lighting design, technical assistance ; José Campo, graphic design.
=511  1\$aMarco Antonio Bejarano, Bibiana Cobo, Claudia García, Lisímaco Núñez, Fernando Aguilar, Clahiber Rincón, Hilda Ruiz, Jessica Aragón, Serafín Arzamendía.
=520  \\$aThe play tells the story of a 'barrio de invasión' (a neighborhood of internal refugees that 'invaded' an empty lot) in the suburbs of Cali. These neighborhoods are built from scratch by displaced people escaping from violence and poverty in other regions of Colombia. After building their homes, the refugees have to fight against the attempts at violent relocation by the state and the police. The neighborhood in the play is located by a stream between two hills. The stream is often blood-colored as a result of fights between the inhabitants of the opposing hills, a rivalry that evokes the feud between the Montagues and the Capulets in 'Romeo and Juliet'. The characters are mainly young gangsters and their girlfriends. Through break-dancing and rapping, love finds its way among everyday violence in this symbolic portrait of Colombian society. Teatro Experimental de Cali (TEC) is a collective of artists committed to the exploration and creation of new languages for Latin American theater. Founded in Colombia in 1955 by Enrique Buenaventura and a group of students at the Instituto Departamental de Bellas Artes, TEC has had a long and fruitful trajectory; their artistic and theoretical work has revolutionized the way that theater is conceived and practiced in Latin America. A key contribution to the field is their method of 'creación colectiva' ('collective creation'), in which all the participants of the play - including the audience - become involved with the dramatic text and its staging. In spite of this stress on collective work, TEC had in Enrique Buenaventura its main poet and playwright, who developed most of TEC's texts and directed the majority of their plays. While TEC's works address various historical and social issues, artistic quality is not sacrificed for the sake of political radicalism. TEC has thus created a theater that is politically and culturally engaged, poetic and innovative without losing its popular appeal.
=540  \\$aThere are copyright restrictions on this collection. For more information, go to the online version of this video.
=650  \0$aTheater$zColombia.
=650  \0$aSocial conflict$zColombia.
=650  \0$aForced migration$zColombia.
=650  \0$aViolence$zColombia.
=653  \\$aSocial violence
=653  \\$aRelocation
=653  \\$aCreación colectiva
=655  \7$aPerformance.$2nyu-hidvl
=655  \7$aTheater.$2nyu-hidvl
=655  \7$aCollective creation.$2nyu-hidvl
=700  1\$aBuenaventura, Enrique.$4aut
=700  1\$aVidal, Jacqueline.$4std
=700  1\$aBotero, Huber.$4vdg
=700  1\$aMolina, Hilder.$4chr
=700  1\$aBetancourt, César.$4chr
=710  2\$aTeatro Experimental de Cali.$4pro
=710  2\$aHemispheric Institute Digital Video Library.
=830  \0$aTeatro Experimental de Cali (TEC) / Enrique Buenaventura collection
=856  40$uhttp://hdl.handle.net/2333.1/3tx95xcw

