=LDR  04953cgm a22007095a 4500
=001  000511961
=003  NNU
=004  NYUb13500412
=005  20090408133321.0
=006  m\\\\\\\\z\\\\\\\\
=007  vd\cvaizu
=007  vf\ciahou
=007  cr\cna
=007  \\vd
=007  cr\|||||||||||
=008  070529e200305uuck\106\\\\\\\\\\\\vlspa\d
=024  7\$aHI2006_133_01$2nyu-hidvl
=024  7\$aHI2006_134_01$2nyu-hidvl
=024  7\$aHI2006.133_01$2nyu-hidvl
=035  \\$a(NYU)NYUb13500412
=040  \\$aNNU$cNNU$eamim
=041  0\$aspa
=043  \\$as-ck---
=245  03$aLa huella$h[videorecording].
=260  \\$c2003 May.
=300  \\$3master.$a2 videocassettes of 2 (Digital Betacam) (106 min.) :$bsd., col. ;$c1/2 in.
=300  \\$3viewing copy.$a2 videodiscs of 2 (DVD) (106 min. : pt.1, 56 min. ; pt.2, 50 min.) :$bsd., col. ;$c4 3/4 in.
=490  1\$aTeatro Experimental de Cali (TEC) / Enrique Buenaventura collection
=530  \\$aAlso available online as streaming video.
=546  \\$aIn Spanish.
=500  \\$aTitle supplied by Hemispheric Institute.
=500  \\$aPart of the Hemispheric Institute Digital Video Library.
=534  \\$pMedia source original:$e2 videocassettes of 2 (VHS) : sd., col. ; 1/2 in. SP.$mTDK T-120.
=518  \\$aPerformed in Cali, Colombia, in May 2003.
=508  \\$aEnrique Buenaventura, literary text ; Teatro Experimental de Cali, producer, props, costumes ; Jorge Herrera, director ; Alberto Prieto, María E. Pérez, set design ; Lisana Herrera, music ; Bibiana Cobo, sound ; Jorge Herrera, María E. Pérez, lighting design ; María E. Pérez, technical assistance ; FERIVA, Jorge Herrera, graphic design ; Huber Botero, videographer.
=511  1\$aJacqueline Vidal, Fernando Aguilar, Lisímaco Núñez, Jessica Aragón, Clahiber Rincón, Serafín Arzamendía, Hilda Ruiz, Marco Antonio Berajano.
=520  \\$aThis play deals with Colombian political violence through the metaphor of 'social cleansing', a process that has tainted the country with blood. The paramilitary forces and the guerrillas tend to 'get rid' of individuals they mark as 'filth': drug addicts, homeless people, prostitutes, and so on. The play suggests that this political process rests on the border that divides folly from crime, a border that is constantly permeated by bullets and shots. Virgilio, the main character, thinks he has the right to perform the 'cleansing', to execute 'justice', to erect his own court of law.A serial killer, he has developed an obsession with young and beautiful women (of which he is jealous). He has a 'shadow', who follows him and contemplates each of his crimes, torn between morbid pleasure and a weak desire to stop him. Teatro Experimental de Cali (TEC) is a collective of artists committed to the exploration and creation of new languages for Latin American theater. Founded in Colombia in 1955 by Enrique Buenaventura and a group of students at the Instituto Departamental de Bellas Artes, TEC has had a long and fruitful trajectory; their artistic and theoretical work has revolutionized the way that theater is conceived and practiced in Latin America. A key contribution to the field is their method of 'creación colectiva' ('collective creation'), in which all the participants of the play - including the audience - become involved with the dramatic text and its staging. In spite of this stress on collective work, TEC had in Enrique Buenaventura its main poet and playwright, who developed most of TEC's texts and directed the majority of their plays. While TEC's works address various historical and social issues, artistic quality is not sacrificed for the sake of political radicalism. TEC has thus created a theater that is politically and culturally engaged, poetic and innovative without losing its popular appeal.
=540  \\$aThere are copyright restrictions on this collection. For more information, go to the online version of this video.
=650  \0$aTheater$zColombia.
=650  \0$aSocial conflict$zColombia.
=650  \0$aPolitical violence$zColombia.
=650  \0$aViolence$zColombia.
=653  \\$aSocial violence
=653  \\$aSocial cleansing
=653  \\$aCreación colectiva
=655  \7$aPerformance.$2nyu-hidvl
=655  \7$aTheater.$2nyu-hidvl
=655  \7$aCollective creation.$2nyu-hidvl
=700  1\$aBuenaventura, Enrique.$4aut
=700  1\$aHerrera, Jorge.$4drt
=710  2\$aTeatro Experimental de Cali.$4pro
=710  2\$aHemispheric Institute Digital Video Library.
=830  \0$aTeatro Experimental de Cali (TEC) / Enrique Buenaventura collection
=853  00$81$apt.
=863  50$81.1$a1$p31142045838821
=863  50$81.2$a2$p31142045838813
=856  40$uhttp://hdl.handle.net/2333.1/qjq2bw1m
=954  \\$81$aVolumes

