=LDR  03516cgm a22006015a 4500
=001  000991958
=003  NNU
=004  NYUb12807171
=005  20090409165340.0
=006  m\\\\\\\\z\\\\\\\\
=007  vd|cvaizu
=007  vf|ciahou
=007  vd|cz\hou
=007  cr\|||||||||||
=008  031013e20030715nyu060\\\\\\\\\\\\vlspa\d
=024  7\$aHI2003_020_01$2nyu-hidvl
=024  7\$aHI2003.020_01$2nyu-hidvl
=035  \\$a(NYU)NYUb12807171
=040  \\$aNNU$cNNU$eamim
=041  0\$aspa$aeng
=043  \\$as-pe---
=245  00$aInterview with Gustavo Buntinx$h[videorecording].
=246  30$aGustavo Buntinx
=260  \\$c2003 July 15.
=300  \\$3viewing copy.$a1 videodisc of 1 (DVD) (60 min.) :$bsd., col. ;$c4 3/4 in.
=300  \\$3master.$a1 videocassette of 1 (Digital Betacam) (60 min.) :$bsd., col. ;$c1/2 in.
=530  \\$aAlso available online as streaming video.
=546  \\$aIn Spanish and English.
=500  \\$aTitle supplied by Hemispheric Institute.
=500  \\$aPart of the Hemispheric Institute Digital Video Library.
=534  \\$pMedia source original:$e1 videocassette of 1 (Mini DV) : digital sd., col. ; 1/4 in.$mPanasonic.
=518  \\$aInterviewed as part of the Spectacles of Religiosities Seminar, Hemispheric Institute of Performance and Politics, New York University, July 5-12, 2003.
=508  \\$aHemispheric Institute of Performance and Politics, producer ; Ulla Berg, videographer.
=511  0\$aGustavo Buntinx, interviewee ; Ulla Berg, interviewer.
=520  \\$aInterview with Gustavo Buntinx, conducted by Ulla Berg during the 4th Encuentro of the Hemispheric Institute of Performance and Politics, celebrated in July of 2003 in New York City, United States under the title 'Spectacles of Religiosities'. In this interview, Buntix talks about collective and civil society in Peru. Gustavo Buntinx is an art historian, critic and independent curator, and director of the Cultural Center of the Universidad Nacional Mayor de San Marcos (Peru). A graduate of Harvard University, where he studied Literature and History, he completed postgraduate studies at the Universidad de Buenos Aires. He has been professor in Art Criticism History, Latin American Art, and 20th. Century Art at the Universidad de Buenos Aires and the Universidade do São Paulo. In Lima he directed the Italian Art Museum and the Art and History Universidad de San Marcos Museum. He has been curator of more than a dozen exhibits in Peru, Uruguay and México. His essays are published in art criticism anthologies released in Europe and the US.
=540  \\$aThere are copyright restrictions on this collection. For more information, go to the online version of this video.
=600  10$aBuntinx, Gustavo$vInterviews.
=650  \0$aCivil society$zPeru.
=650  \0$aArt$zPeru.
=650  \0$aParody in art.
=650  \0$aIdentity (Psychology) in art.
=650  \0$aStreet art.
=655  \7$aInterview.$2nyu-hidvl
=700  1\$aBuntinx, Gustavo.$4ive
=700  1\$aBerg, Ulla,$d1932-$4ivr$4vdg
=710  2\$aHemispheric Institute of Performance and Politics.$4pro
=710  2\$aHemispheric Institute Digital Video Library.
=711  2\$aHemispheric Institute Encuentro$n(4th :$d2003 :$cNew York, N.Y.).$tSpectacles of religiosities.
=856  40$uhttp://hdl.handle.net/2333.1/z34tmppz

