=LDR  04121cgm a22006975a 4500
=001  001000994
=003  NNU
=004  NYUb12816825
=005  20090409165344.0
=006  m\\\\\\\\z\\\\\\\\
=007  vd|cvaizu
=007  vf|ciahou
=007  cr\|||||||||||
=007  vd|cz\hou
=008  031222e200307uunyu120\\\\\\\\\\\\vleng\d
=024  7\$aHI2003_002_01$2nyu-hidvl
=024  7\$aHI2003_003_01$2nyu-hidvl
=024  7\$aHI2003.002_01$2nyu-hidvl
=035  \\$a(NYU)NYUb12816825
=040  \\$aNNU$cNNU$eamim
=041  0\$aeng$aspa
=043  \\$as-pe---
=245  00$aGustavo Buntix keynote address$h[videorecording] :$bSarita Colonia : de ícono religioso a héroe cultural.
=246  30$aSarita Colonia :$bde ícono religioso a héroe cultural
=246  31$aDearest Sarah :$breligious icon and cultural hero
=260  \\$c2003 July.
=300  \\$3viewing copy.$a2 videodiscs of 2 (DVD) (120 min.) :$bsd., col. ;$c4 3/4 in.
=300  \\$3master.$a2 videocassettes of 2 (Digital Betacam) (120 min.) :$bsd., col. ;$c1/2 in.
=518  \\$aDelivered as part of the Spectacles of Religiosities Seminar, Hemispheric Institute of Performance and Politics, New York University, July 5-12, 2003.
=546  \\$aIn English and Spanish.
=500  \\$aTitle supplied by Hemispheric Institute.
=500  \\$aPart of the Hemispheric Institute Digital Video Library.
=508  \\$aGustavo Buntinx, creator, writer ; Hemispheric Institute of Performance and Politics, producer, commissioner ; NYU TV and Media, videographer.
=511  0\$aGustavo Buntix, keynote speaker ; Barbara Kirshenblatt-Gimblett, introduction.
=530  \\$aAlso available online as streaming video.
=534  \\$pMedia source original:$e2 videocassettes of 2 (Mini DV) : digital sd., col. ; 1/4 in.
=520  \\$aVideo documentation of Gustavo Buntinxs keynote address, "Sarita Colonia: De icono religioso a héroe cultural", presented as part of the 4th Encuentro of the Hemispheric Institute of Performance and Politics, celebrated in July of 2003 in New York City, United States under the title "Spectacles of Religiosities". Introduction by Barbara Kirshenblatt-Gimblett. Gustavo Buntix is an art historian, critic and independent curator, and director of the Cultural Center of the Universidad Nacional Mayor de San Marcos (Peru). A graduate of Harvard University, where he studied Literature and History, he completed postgraduate studies at the Universidad de Buenos Aires. He has been professor in Art Criticism History, Latin American Art, and 20th. Century Art at the Universidad de Buenos Aires and the Universidade do São Paulo. In Lima he directed the Italian Art Museum and the Art and History Universidad de San Marcos Museum. He has been curator of more than a dozen exhibits in Peru, Uruguay and México. His essays are published in art criticism anthologies released in Europe and the US.
=540  \\$aThere are copyright restrictions on this collection. For more information, go to the online version of this video.
=600  10$aColonia, Sarita,$d1914-1940.$tCult Peru.
=650  \0$aIdentity (Psychology)$xPolitical aspects.
=650  \0$aRites and ceremonies.
=650  \0$aEmblems, National.
=650  \0$aEmblems, National$zPeru.
=651  \0$aPeru$xHistory.
=653  \\$aIdentity politics
=655  \7$aKeynote address.$2nyu-hidvl
=700  1\$aBuntinx, Gustavo.$4cre$4aut$4spk
=700  1\$aKirshenblatt-Gimblett, Barbara.$4aui
=710  2\$aHemispheric Institute of Performance and Politics.$4pro$4fnd
=710  2\$aNYU-TV (Television station : New York, N.Y.)$4vdg
=710  2\$aHemispheric Institute Digital Video Library.
=711  2\$aHemispheric Institute Encuentro$n(4th :$d2003 :$cNew York, N.Y.).$tSpectacles of religiosities.
=856  40$uhttp://hdl.handle.net/2333.1/pk0p2nng
=853  00$81$adisc
=863  50$81.1$a1$p31142040272554
=863  50$81.2$a2$p31142040272414$wg
=954  \\$81$aVolumes

