=LDR  04459cgm a22006015a 4500
=001  000980566
=003  NNU
=004  NYUb12795072
=005  20090409165349.0
=006  m\\\\\\\\z\\\\\\\\
=007  vd|cvaizu
=007  vf|ciahou
=007  cr\|||||||||||
=007  vd|cvaizu
=008  031013e200307uunyu060\\\\\\\\\\\\vleng\d
=024  7\$aHI2003_005_01$2nyu-hidvl
=024  7\$aHI2003.005_01$2nyu-hidvl
=040  \\$aNNU$cNNU$eamim
=245  00$aNao Bustamante$h[videorecording] :$bSans gravity.
=246  30$aSans gravity
=260  \\$c2003 July.
=300  \\$3viewing copy.$a1 videodisc of 1 (DVD) (60 min.) :$bsd., col. ;$c4 3/4 in.
=300  \\$3master.$a1 videocassette of 1 (Digital Betacam) (60 min.) :$bsd., col. ;$c1/2 in.
=518  \\$aPerformed as part of the Spectacles of Religiosities Seminar, Hemispheric Institute of Performance and Politics, New York University, July 5-12, 2003.
=500  \\$aTitle supplied by Hemispheric Institute.
=500  \\$aPart of the Hemispheric Institute Digital Video Library.
=508  \\$aNao Bustamante, creator, director ; Hemispheric Institute of Performance and Politics, producer, commissioner ; NYU TV and Media, videographer.
=511  0\$aNao Bustamante, performer; Roberto Sifuentes, assistant.
=530  \\$aAlso available online as streaming video.
=534  \\$pMedia source original:$e1 videocassette of 1 (Mini DV) : digital sd., col. ; 1/4 in.$mPanasonic MiniDV.
=520  \\$aVideo documentation of Nao Bustamante's solo performance 'Sans Gravity', presented as a part of the 4th Encuentro of the Hemispheric Institute of Performance and Politics, celebrated in July of 2003 in New York City, United States under the title 'Spectacles of Religiosities'. Water can symbolize many things, but often it is associated with knowledge and emotion; both of which are difficult to define in logical terms. In the installation/performance space of 'Sans Gravity', Bustamante explores the metaphors associated with water in the physical realm by burdening her body. The weight and the movement of the water develop into extensions of the gesture and another layer of the distorted self. The audience becomes a mechanism of relief. Nao Bustamante is an internationally known performance art pioneer originating from the San Joaquin Valley of California. Her work encompasses performance art, installation, video, pop music and experimental rips in time. Using the body as a source of image, narrative and emotion, her performances communicate on the level of subconscious language taking the spectator on a bizarre journey, with haunting images, cracking stereotypes by embodying them. Bustamante's work has been presented, among other sites at, the Institute of Contemporary Arts in London, the San Francisco Museum of Modern Arts, and the Kiasma Museum of Helsinki. She has performed in Galleries, Museums, Universities and underground sites throughout Asia, Africa, Europe, New Zealand, Australia, Canada, Mexico and the United States. Her collaborations include working with such luminaries as 'Coco Fusco' and 'Osseus Labrint'. In 2001 she received the prestigious Anonymous Was a Woman fellowship. Currently she is living in Troy, New York and an assistant professor of New Media and Live Art at Rensselaer Polytechnic Institute.
=540  \\$aThere are copyright restrictions on this collection. For more information, go to the online version of this video.
=650  \0$aWater in art.
=650  \0$aRitual in art.
=650  \0$aSensory deprivation.
=655  \0$aPerformance art.
=653  \\$aEndurance art
=655  \7$aPerformance.$2nyu-hidvl
=655  \7$aPerformance art.$2nyu-hidvl
=655  \7$aEndurance art.$2nyu-hidvl
=655  \7$aOne-person show (Performing arts)$2nyu-hidvl
=700  1\$aBustamante, Nao.$4cre$4drt$4prf
=700  1\$aSifuentes, Roberto,$d1967-$4oth
=710  2\$aHemispheric Institute of Performance and Politics.$4pro$4fnd
=710  2\$aNYU-TV (Television station : New York, N.Y.)$4vdg
=710  2\$aHemispheric Institute Digital Video Library.
=711  2\$aHemispheric Institute Encuentro$n(4th :$d2003 :$cNew York, N.Y.).$tSpectacles of religiosities.
=856  40$uhttp://hdl.handle.net/2333.1/ksn02vc9

