=LDR  04812cgm a22006855a 4500
=001  000511125
=003  NNU
=004  NYUb13499489
=005  20080408164516.0
=006  m\\\\\\\\z\\\\\\\\
=007  vd\cvaizu
=007  vf\ciahou
=007  cr\cna
=007  cr\|||||||||||
=008  070522e20030516ck\010\\\\\\\\\\\\vlspa\d
=024  7\$aHI2006_117_01$2nyu-hidvl
=024  7\$aHI2006.117_01$2nyu-hidvl
=040  \\$aNNU$cNNU$eamim
=041  0\$aspa
=043  \\$as-ck---
=245  03$aLa otra guerra (la del agua)$h[videorecording].
=260  \\$c2003 May 16.
=300  \\$3master.$a1 videocassette of 1 (Digital Betacam) (10 min.) :$bsd., col. ;$c1/2 in.
=300  \\$3viewing copy.$a1 videodisc of 1 (DVD) (10 min.) :$bsd., col. ;$c4 3/4 in.
=490  1\$aDramaturgia de género : Teatro La Máscara collection
=530  \\$aAlso available online as streaming video.
=546  \\$aIn Spanish.
=500  \\$aTitle supplied by Hemispheric Institute.
=500  \\$aPart of the Hemispheric Institute Digital Video Library.
=534  \\$pMedia source original:$e1 videocassette of 1 (VHS) : sd., col. ; 1/2 in. SP.$mSony T-120.
=518  \\$aPerformed in Cali, Colombia, on May 16, 2003.
=508  \\$aTeatro La Máscara, producer, collective creation ; Adriana Cantor, director ; Susana Uribe, narrator ; Jorge Vanegas, videographer ; La Máscara, costumes ; Hernán Darío Correa, set design consultant ; Teatro La Máscara, set design, lighting design ; Mónica Herrán, Pakiko Ordóñez, photography.
=511  1\$aLucy Bolaños, Susana Uribe, Gladys López, Yaneth Mesías, Satiana Ordóñez, Valentina Gómez.
=520  \\$aPerformance/ installation developed by Colombian theater ensemble Teatro La Máscara around the theme of 'water wars', exploring issues around conservation, environmental aspects, contamination, consumption, waste, and resource management of water. Staged in an empty house in the San Antonio neighborhood in Cali, Colombia, and based on a concept by Jill Greenhalgh, La Máscara reflects on the scarcity of water; the scenes - 'Marimba', 'Deshielo', 'Gotas de Vida', 'Sed', 'Reflejos del Alma', 'H2O', 'Evaporazul' - explore related topics like dehydration, ice melting, drought, pollution, conservation, etc. Objects, bodies, and a voice-over with statistical data are combined in poetic ways to remind the audience of the interconnectedness of natural resources and social life, rendering these issues close to home, impossible to dismiss, requiring to be urgently acknowledged and addressed. Teatro La Máscara is the oldest - and one of the only - feminist, all-women's theater in Colombia. Founded in 1972 in Cali, La Máscara was a political theater initially comprised of male and female actors; by the early 1980s, when only the women stayed and wanted to continue the theatrical trajectory of the group, Lucy Bolaños decided to make La Máscara a women's ensemble fully dedicated to a feminine dramaturgy on gender issues. Committed to feminism and social change, they have stayed true to this mission, despite the many social and economic pressures they've had to endure in an environment plagued by violence and machismo, which constantly seeks to 'invisibilize' their work. Because of their fruitful stubbornness, La Máscara is not only creating and staging plays, but also working with marginalized communities, actively participating in political protests and demonstrations, and being involved in the organization of theater festivals. Through their work, they keep re-thinking women's role in the construction of a peaceful Colombia.
=540  \\$aThere are copyright restrictions on this collection. For more information, go to the online version of this video.
=650  \0$aTheater$zColombia.
=650  \0$aFeminist theater$zColombia.
=650  \0$aWater consumption.
=650  \0$aWater conservation.
=653  \\$aWater wars
=653  \\$aCreación colectiva
=653  \\$aGalería viviente
=655  \7$aPerformance.$2nyu-hidvl
=655  \7$aPerformance/Installation.$2nyu-hidvl
=655  \7$aLiving gallery.$2nyu-hidvl
=655  \7$aFeminist theater.$2nyu-hidvl
=655  \7$aCollective creation.$2nyu-hidvl
=700  1\$aCantor, Adriana.$4drt
=700  1\$aVanegas, Jorge.$4vdg
=700  1\$aUribe, Susana.$4nrt$4prf
=700  1\$aBolaños, Lucy.$4prf
=710  2\$aTeatro La Máscara (Cali, Colombia)$4pro
=710  2\$aHemispheric Institute Digital Video Library.
=830  \0$aDramaturgia de género : Teatro La Máscara collection
=856  40$uhttp://hdl.handle.net/2333.1/sj3tx9hn

