=LDR  04336cgm a22006495a 4500
=001  000512616
=003  NNU
=004  NYUb13501104
=005  20100222124735.0
=006  m\\\\\\\\z\\\\\\\\
=007  vd\cvaizu
=007  vf\ciahou
=007  cr\cna|||m|||a
=007  cr\|||||||||||
=008  070531e20030926pr\021\\\\\\\\\\\\vlspa\d
=024  7\$aHI2006_155_01$2nyu-hidvl
=024  7\$aHI2006.155_01$2nyu-hidvl
=035  \\$a(NYU)NYUb13501104
=040  \\$aNNU$cNNU$eamim
=041  0\$aspa
=043  \\$anwpr---
=245  00$aYou don't look like--$h[videorecording].
=246  3\$aU don't look like
=260  \\$c2003 Sept. 26.
=300  \\$3viewing copy.$a1 videodisc of 1 (DVD) (21 min.) :$bsd., col. ;$c4 3/4 in.
=300  \\$3master.$a1 videocassette of 1 (Digital Betacam) (21 min.) :$bsd., col. ;$c1/2 in.
=490  1\$aJavier Cardona collection
=530  \\$aAlso available online as streaming video.
=546  \\$aIn Spanish.
=500  \\$aTitle supplied by Hemispheric Institute.
=500  \\$aPart of the Hemispheric Institute Digital Video Library.
=534  \\$pMedia source original:$e1 videocassette of 1 (Mini DV) : sd., col. ; 1/4 in. SP.$mSony DVM60.
=518  \\$aPerformed in San Juan, Puerto Rico, on Sept. 26, 2003.
=508  \\$aJavier Cardona, producer, director, writer, choreographer ; Miguel Villafañe, photographer ; Gisela Rosario, video.
=511  1\$aJavier Cardona.
=520  \\$aJavier Cardona is a Puerto Rican dancer/actor and pedagogue. Trained on Puerto Rico within the graphic-dramatic experimental Project Los Teatreros Ambulantes de Cayey of the University of Puerto Rico under the artistic direction of pedagogues/artists Rosa Luisa Márquez and Antonio Martorell, Javier has also worked and trained with renowned international theater artists like Miguel Rubio (Grupo Cultural Yuyachkani, Peru), Osvaldo Dragún (Argentina, EITALC), Augusto Boal (Theater of the Oppressed, Brazil), and Peter Schumman (Bread and Puppet Theater, United States). Through his experiences in theater, Javier explores experimental dance, training with Gloria Llompart and Viveca Vázquez in Puerto Rico, as well as dancing with choreographers Sally Silvers and Jennifer Monson in New York City. He has worked in community-based theater educational programs, and is a member of the Taller de Otra Cosa, a collaborative cultural organization that promotes artistic educational programs in communities and the development of experimental performing arts events. As a choreographer and director, Javier explores issues of gender and race, rooted in his experiences as an Afro Puerto Rican queer artist working in Caribbean, Latin American and American societies. His one-person dance/theater performance 'You Dont Look Like...', created in 1996, deals with themes of race and identity in Puerto Rico, paying special attention to racial stereotypes pervasive in popular culture and the entertainment industries. Issues of violence, discrimination and racism experienced by Afro Caribbeans are dealt with through the exploration of the relationship between bodies and politics of representation, here performed through experimental juxtapositions of photographs, dance, anecdotes, and direct interaction with the audience.
=540  \\$aThere are copyright restrictions on this collection. For more information, go to the online version of this video.
=650  \0$aPerforming arts$zPuerto Rico.
=650  \0$aGender identity$zPuerto Rico.
=650  \0$aRacism$zPuerto Rico.
=650  \0$aRace discrimination$zPuerto Rico.
=650  \0$aEthnicity$zPuerto Rico.
=650  \0$aStereotypes (Social psychology)$zPuerto Rico.
=650  \0$aRacism in popular culture$zPuerto Rico.
=653  \\$aAfro-Caribbean racial stereotypes
=655  \7$aPerformance.$2nyu-hidvl
=655  \7$aDance.$2nyu-hidvl
=655  \7$aTheater.$2nyu-hidvl
=655  \7$aOne-person shows (Performing arts)$2nyu-hidvl
=700  1\$aCardona, Javier.$4aut$4pro$4drt$4chr
=710  2\$aHemispheric Institute Digital Video Library.
=830  \0$aJavier Cardona collection.
=856  40$uhttp://hdl.handle.net/2333.1/4mw6m969

