=LDR  03864cgm a2200721 a 4500
=001  001023487
=003  NNU
=004  NYUb12840714
=005  20090409165354.0
=006  m\\\\\\\\z\\\\\\\\
=007  vd|cvaizu
=007  vf|ciahou
=007  vd|cvaizu
=007  cr\|||||||||||
=008  031013e200307uunyu060\\\\\\\\\\\\vlspa\d
=024  7\$aHI2004_024_01$2nyu-hidvl
=024  7\$aHI2004.024_01$2nyu-hidvl
=035  \\$a(NYU)NYUb12840714
=040  \\$aNNU$cNNU$eamim
=041  0\$aspa
=043  \\$an-mx---$an------
=245  00$aCoatlicue Theater Company$h[videorecording] :$bYa basta!
=246  30$aYa basta!
=246  31$aEnough!
=260  \\$c2003 July.
=300  \\$3viewing copy.$a1 videodisc of 1 (DVD) (60 min.) :$bsd., col. ;$c4 3/4 in.
=300  \\$3master.$a1 videocassette of 1 (Digital Betacam) (60 min.) :$bsd., col. ;$c1/2 in.
=530  \\$aAlso available online as streaming video.
=546  \\$aIn Spanish.
=500  \\$aTitle supplied by Hemispheric Institute.
=500  \\$aPart of the Hemispheric Institute Digital Video Library.
=534  \\$pMedia source original:$e1 videocassette of 1 (Mini DV) : sd., col. ; 1/4 in.$mPanasonic DVC Linear Plus.
=518  \\$aPerformed as part of the Spectacles of Religiosities Seminar, Hemispheric Institute of Performance and Politics, New York University, July 5-12, 2003.
=508  \\$aHemispheric Institute of Performance and Politics, producer ; Coatlicue Theater Company, creator ; Nadia Baram, videographer.
=511  1\$aHortencia Colorado, Elvira Colorado (protagonists).
=520  \\$aVideo documentation of the Coatlicue Theater Company's performance "Ya Basta" presented as part of the 4th Encuentro of the Hemispheric Institute of Performance and Politics, celebrated in July of 2003 in New York, United States under the title "Spectacles of Religiosities". Elvira and Hortencia Colorado, Chichimec Otomi storytellers, playwrights, performers and community activists are founding members of Coatlicue Theatre Company. They are also members of danza Mexica Cetiliztli, New York Zapatistas and the American Indian Community House. The company's plays address social, political, cultural and identity issues that impact their lives and their community. Their work is based on stories they weave together which educate as well as entertain, while reaffirming their survival as urban Native American women. They have conducted storytelling / theatre workshops. They are recipients of the Ingrid Washinawatok Community Activism Award.
=540  \\$aThere are copyright restrictions on this collection. For more information, go to the online version of this video.
=650  \0$aIndigenous peoples.
=650  \0$aMexican American women.
=650  \0$aIndigenous women.
=650  \0$aCommunities$zMexico.
=650  \0$aCommunities$zNorth America.
=653  \\$aPolitical performance
=653  \\$aIndigenous theater
=653  \\$aIndigenous communities
=655  \7$aPerformance.$2nyu-hidvl
=655  \7$aTheater.$2nyu-hidvl
=655  \7$aPolitical performance.$2nyu-hidvl
=655  \7$aIndigenous performance.$2nyu-hidvl
=655  \7$aWomen's theater.$2nyu-hidvl
=655  \7$aIndigenous protest.$2nyu-hidvl
=700  1\$aColorado, Elvira.$4prf
=700  1\$aColorado, Hortencia.$4prf
=700  1\$aBaram, Nadia.$4vdg
=710  2\$aCoatlicue Theatre Company.$4cre
=710  2\$aHemispheric Institute of Performance and Politics.$4pro
=710  2\$aHemispheric Institute Digital Video Library.
=711  2\$aHemispheric Institute Encuentro$n(4th :$d2003 :$cNew York, N.Y.).$tSpectacles of religiosities.
=856  40$uhttp://hdl.handle.net/2333.1/2ngf1vk2

