=LDR  03806cgm  22006255a 4500
=001  000505637
=003  NNU
=004  NYUb13493470
=005  20080208180420.0
=006  m\\\\\\\\z\\\\\\\\
=007  vd\cvaizu
=007  vf\ciahou
=007  cr\cna
=007  cr\|||||||||||
=008  070502e200303uunyu057\\\\\\\\\\\\vleng\d
=024  7\$aHI2006_058_01$2nyu-hidvl
=024  7\$aHI2006.058_01$2nyu-hidvl
=040  \\$aNNU$cNNU$eamim
=043  \\$an-us-ny
=245  00$aDykenstein$h[videorecording] :$bsex, horror and the tragedy of the straight brain.
=246  30$aSex, horror and the tragedy of the straight brain
=260  \\$c2003 Mar.
=300  \\$a1 videocassette of 1 (Digital Betacam) (57 min.) :$bsd., col. ;$c1/2 in.$3master.
=300  \\$a1 videodisc of 1 (DVD) (57 min.) :$bsd., col. ;$c4 3/4 in.$3viewing copy.
=490  1\$aSusana Cook collection
=530  \\$aAlso available online as streaming video.
=500  \\$aTitle supplied by Hemispheric Institute.
=500  \\$aPart of the Hemispheric Institute Digital Video Library.
=534  \\$pMedia source original:$e1 videocassette of 1 (Mini DV) : sd., col. ; 1/4 in. SP.$mPanasonic DVM60.
=518  \\$aPerformed at WOW Theatre Café, New York City, in Mar. 2003.
=508  \\$aSusana Cook, producer, writer, director ; Julian Mesri, videographer, original score.
=511  1\$aSusana Cook, E.J. An, Fanya, Kimberly Gilchrist, Lisa Gluckin, Mika, Mistah, Felice Shays, Melissa Shimkovitz, Chalee Snorton, Stacey Whitmire.
=520  \\$aSusana Cook (www.susanacook.com) is a New York-based Argentinean theater and performance artist. Mainly directed to queer and Latino communities in New York City, Cook's work also encompasses a heated response to broader State policies that oppress communities defined in the intersection of race, gender, and class. In her shows, Cook parodies discourses of power, drawing attention to the close ties between the state, religious and political conservatism, and the military. Cook's plays usually feature all-women casts that defy the normative performance of gender, race, and sexuality. 'Dykenstein' is a lesbian adaptation of the classic story of 'Frankenstein.' In this play, Dr. Dykenstein triumphantly creates 'the perfect dyke,' but one of her assistants carelessly leaves the creature unattended in front of a TV and a bunch of trashy magazines. Brainwashed by mainstream media, the perfect dyke becomes a 'wild' straight woman. Desperate for a husband, the monster threatens to murder Dr. Dykenstein if he does not make one for her. 'Dykenstein' is a parody of the Christian Right's take on science, the U.S. anti-abortion crusade (which declared that having aborting a fetus older than two weeks is murdering an American citizen), and the rights of women.
=540  \\$aThere are copyright restrictions on this collection. For more information, go to the online version of this video.
=650  \0$aIdentity (Psychology)$xPolitical aspects.
=650  \0$aAbortion.
=650  \0$aPro-life movement.
=650  \0$aWomen's rights.
=653  \\$aIdentity politics
=653  \\$aQueer/Gay/Lesbian
=653  \\$aLatino
=655  \7$aPerformance.$2nyu-hidvl
=655  \7$aTheater.$2nyu-hidvl
=655  \7$aQueer/Gay/Lesbian performance.$2nyu-hidvl
=655  \7$aPolitical performance.$2nyu-hidvl
=655  \7$aFeminist performance.$2nyu-hidvl
=700  1\$aCook, Susana.$4pro$4aut$4drt$4prf
=710  2\$aHemispheric Institute Digital Video Library.
=830  \0$aSusana Cook collection.
=856  40$uhttp://hdl.handle.net/2333.1/djh9w12g

