=LDR  03937cgm  22006855a 4500
=001  000505903
=003  NNU
=004  NYUb13493816
=005  20080208180535.0
=006  m\\\\\\\\z\\\\\\\\
=007  vd\mvaizu
=007  vf\miahou
=007  cr\mna
=007  cr\|||||||||||
=008  070503e200306uunyu015\\\\\\\\\\\\vleng\d
=024  7\$aHI2006_063_01$2nyu-hidvl
=024  7\$aHI2006.063_01$2nyu-hidvl
=040  \\$aNNU$cNNU$eamim
=043  \\$an-us---
=245  00$aHomerun$h[videorecording].
=246  3\$aHome run
=260  \\$c2003 June.
=300  \\$a1 videocassette of 1 (Digital Betacam) (15 min.) :$bsd., b&w with col. introductory act ;$c1/2 in.$3master.
=300  \\$a1 videodisc of 1 (DVD) (15 min.) :$bsd., b&w with col. introductory act ;$c4 3/4 in.$3viewing copy.
=490  1\$aSusana Cook collection
=530  \\$aAlso available online as streaming video.
=500  \\$aTitle supplied by Hemispheric Institute.
=500  \\$aPart of the Hemispheric Institute Digital Video Library.
=534  \\$pMedia source original:$e1 videocassette of 1 (Mini DV) : sd., b&w with col. introductory act ; 1/4 in. SP.$mPanasonic DVM60.
=518  \\$aPerformed as part of 'Rivers of Honey, Women's of Color Cabaret', at the WOW Theater Café, New York City, in June 2003.
=508  \\$aSusana Cook, producer, writer, director ; Julian Mesri, videographer.
=511  1\$aSusana Cook.
=520  \\$aSusana Cook (www.susanacook.com) is a New York-based Argentinean theater and performance artist. Mainly directed to queer and Latino communities in New York City, Cook's work also encompasses a heated response to broader State policies that oppress communities defined in the intersection of race, gender, and class. In her shows, Cook parodies discourses of power, drawing attention to the close ties between the state, religious and political conservatism, and the military. Cook's plays usually feature all-women casts that defy the normative performance of gender, race, and sexuality. 'Homerun' is a monologue about God and homeruns that Susana Cook performs playing a guitar. The solo piece was inspired by a commentary by a famous baseball player that Susana saw on TV, in which the player presented homeruns as 'a God-giving thing.' In the monologue, Susana humorously locates this 'gift' in inadequate contexts like Argentina, where baseball is not a popular sport like in the United States; and she also imagines a female protagonist who, despite her talent, would not make it to the major league because of her gender. 'Homerun' was part of 'Rivers of Honey, Women's of Color Cabaret,' held at WOW Theatre Café in New York City.
=540  \\$aThere are copyright restrictions on this collection. For more information, go to the online version of this video.
=650  \0$aBaseball.
=650  \0$aBaseball$zUnited States.
=650  \0$aBaseball players$zUnited States.
=650  \0$aWomen baseball players$zUnited States.
=650  \0$aIdentity (Psychology)
=653  \\$aIdentity politics
=653  \\$aQueer/Gay/Lesbian
=653  \\$aFeminist performance
=653  \\$aWomen in sports
=655  \7$aPerformance.$2nyu-hidvl
=655  \7$aTheater.$2nyu-hidvl
=655  \7$aOne-person shows (Performing arts).$2nyu-hidvl
=655  \7$aPolitical performance.$2nyu-hidvl
=655  \7$aFeminist performance.$2nyu-hidvl
=655  \7$aQueer/Gay/Lesbian performance.$2nyu-hidvl
=700  1\$aCook, Susana.$4pro$4aut$4drt$4prf
=700  1\$aMesri, Julian.$4vdg
=710  2\$aHemispheric Institute Digital Video Library.
=740  0\$aRivers of Honey, Women's of Color Cabaret.
=830  \0$aSusana Cook collection.
=856  40$uhttp://hdl.handle.net/2333.1/7wm37q2b

