=LDR  05098cgm a2200577 a 4500
=001  003765768
=005  20140418144152.0
=006  m\\\\\\\\c\\\\\\\\
=007  cr\cna|||m|||a
=007  cr\|||||||||||
=008  130613s2003\\\\bl\286\\\\\\\\s\\\vlpor\d
=024  7\$aHI2011_020_A_01$2nyu-hidvl
=024  7\$aHI2011_020_B_01$2nyu-hidvl
=040  \\$aNNU$beng$cNNU
=041  0\$apor
=043  \\$as-bl---
=245  03$aOs Sertões$h[videorecording] :$bO homen I : do pré-homem à revolta = Os Sertões : the man I : from pre-man to revolt /$cAssociação Teat(r)o Oficina Uzyna Uzona, Lucas Weglinski, Marcelo Drummond, producers ; José Celso Martinez Corrêa, Fernando Coimbra, Tommy Pietra, writers ; José Celso Martinez Corrêa, director.
=246  31$aOs Sertões :$bthe man I : from pre-man to revolt
=260  \\$c2003.
=300  \\$3viewing copy.$a1 streaming video (286 min.: 1st act, 161 min., 8 sec.; 2nd act, 124 min., 53 sec.) :$bsd., col.
=490  1\$aTeatro Oficina collection
=546  \\$aIn Portuguese.
=500  \\$aTitle supplied by Hemispheric Institute.
=500  \\$aPart of the Hemispheric Institute Digital Video Library.
=500  \\$aBased on the book, Os Sertões, by Euclides da Cunha.
=518  \\$aRecorded in São Paulo, Brazil, in 2003.
=508  \\$aFernando Coimbra, videographer ; Paulo Tiefenthaler, Fernando Coimbra, editors ; Kátia Coelho, ABC, cinematography ; Camila Mota, co-director ; Catherine Hirsch, consultant ; Marcelo Pellegrini, musical director.
=511  1\$aAdriana Capparelli, Adriana Viegas, Adriano Salhab, Anna Guilhermina, Aury Porto, Camila Mota, Céllia Nascimento, Danilo Tomic, Elenildo de Moura (Uga), Fabiana Serroni, Félix Oliveira, Fernando Coimbra, Fioravante Almeida, Francisco Rodrigues (Rato), Fransérgio Araújo, Fred Steffen, Freddy Allan, Guilherme Calzavara, Ito Alves, Juliane Elting, Karina Buhr, Letícia Coura, Lucas Weglinski, Luciana Domschke, Marcelo Drummond, Mariana de Moraes, Mariano Mattos Martins, Naomy Schölling, Otávio Ortega, Patrícia Aguille, Pedro Epifânio, Ricardo Bittencourt, Rodolfo Dias Paes (Dipa), Sálvio Prado, Samuel de Assis, Sylvia Prado, Vera Barreto Leite, Wilson Feitosa Jr., Zé Celso Martinez Correa, Zé de Paiva, performers ; Adriano Salhab, André Santana Lagartixa, Daniel Camilo, Danilo Tomic, Guilherme Calzavara, Ito Alves, Karina Buhr, Letícia Coura, Otávio Ortega, musicians.
=520  \\$aTo understand the soul of the 'sertanejo' (the inhabitant of the sertão) - what would lead the nature of this man to resist until the last day in Canudos - Euclides da Cunha recalls in his book the formation of Brazilian society, its telluric, animal, and tupi origin. The second part of the book (and the second play, O Homem I), is about the vigorous embrace of the winner, the Celtic European Colonizer, copulating with the defeated, with the slaves from the ships, forming the 'Typeless-Brazilian' type. Mixtures of all kinds find their space in the stage in the surprising miscegenation already present in the cast and crew of Teatro Oficina itself. It is the story of the Brazilian Man, the Man of the Country abroad interbreeding with the Country inside, until the Revolt against the very idea - imposed and imported - of man, with the appearance of Zarathustra Antônio Conselheiro.
=520  \\$aFrom 2000 to 2007, Teat(r)o Oficina Uzyna Uzona worked on the staging of Euclides da Cunha's epic book, Os Sertões, which describes the 19th Century War of Canudos in the Brazilian 'sertão,' lead by Antônio Conselheiro. The final result was a pentalogy, formed by the plays A Terra (2002), O Homem I (2003), O Homem II (2003), A Luta I (2005), and A Luta II (2006), totalizing 27 hours of theater. Os Sertões reads the episodes of the war in light of past and present Brazilian history, and in relation to the struggle of the group against media mogul Sílvio Santos, who wanted to tear down the historic theater.
=534  \\$pMedia source original:$e1 digital video : sd., col.
=540  \\$aThere are copyright restrictions on this collection. For more information, go to the online version of this video.
=600  10$aCunha, Euclides da,$d1866-1909.$tSertões$vAdaptations.
=650  \0$aCannibalism$zBrazil$vDrama.
=650  \0$aNature$xEffect of human beings on$vDrama.
=650  \0$aTheater and society$zBrazil.
=651  \0$aCanudos (Euclides da Cunha, Brazil)
=651  \0$aBrazil$xHistory$yCanudos Campaign, 1893-1897$vDrama.
=655  \7$aPerformance.$2nyu-hidvl
=655  \7$aTheater.$2nyu-hidvl
=700  1\$aCorrea, José Celso Martinez.$4cre$4drt
=700  1\$aCoimbra, Fernando.$4cre
=700  1\$aPietra, Tommy.$4cre
=700  1\$aDrummond, Marcelo.$4pro
=700  1\$aWeglinski, Lucas.$4pro
=700  1\$aCunha, Euclides da,$d1866-1909.$tSertões.
=710  2\$aTeatro Oficina (São Paulo, Brazil)$4pro
=710  2\$aHemispheric Institute Digital Video Library.
=830  \0$aTeatro Oficina collection.
=856  40$uhttp://hdl.handle.net/2333.1/2rbnzttt

