=LDR  05232cgm a2200577 a 4500
=001  003765769
=005  20140418144239.0
=006  m\\\\\\\\c\\\\\\\\
=007  cr\cna|||m|||a
=007  cr\|||||||||||
=008  130613s2003\\\\bl\311\\\\\\\\s\\\vlpor\d
=024  7\$aHI2011_021_A_01$2nyu-hidvl
=024  7\$aHI2011_021_B_01$2nyu-hidvl
=040  \\$aNNU$beng$cNNU
=041  0\$apor
=043  \\$as-bl---
=245  03$aOs Sertões$h[videorecording] :$bO homen II : da re-volta ao trans-homem = Os Sertões : the man II : from re-volution to trans-man /$cAssociação Teat(r)o Oficina Uzyna Uzona, Lucas Weglinski, Marcelo Drummond, producers ; José Celso Martinez Corrêa, Marcelo Drummond, Fernando Coimbra, Tommy Pietra, writers ; José Celso Martinez Corrêa, director.
=246  31$aOs Sertões :$bthe man II : from re-volution to trans-man
=260  \\$c2003.
=300  \\$3viewing copy.$a1 streaming video (310 min., 47 sec.: 1st act, 155 min., 52 sec.; 2nd act, 154 min., 55 sec.) :$bsd., col.
=490  1\$aTeatro Oficina collection
=546  \\$aIn Portuguese.
=500  \\$aTitle supplied by Hemispheric Institute.
=500  \\$aPart of the Hemispheric Institute Digital Video Library.
=500  \\$aBased on the book, Os Sertões, by Euclides da Cunha.
=518  \\$aRecorded in São Paulo, Brazil, in 2003.
=508  \\$aMarcelo Pellegrini, musical director ; Gabriel Fernandes, co-director/editor ; Marcelo Drummond, videographer ; Lenise Pinheiro, cinematographer ; Catherine Hirsch, consultant.
=511  1\$aAdriana Capparelli, Adriana Viegas, Adriano Salhab, Anna Guilhermina, Aury Porto, Camila Mota, Céllia Nascimento, Danilo Tomic, Elenildo de Moura (Uga), Félix Oliveira, Fernando Coimbra, Fioravante Almeida, Francisco Rodrigues, Fransérgio Araújo, Frederick Steffen, Freddy Allan, Guilherme Calzavara, Juliane Elting, Karina Buhr, Letícia Coura, Lucas Weglinski, Luciana Domschke, Marcelo Drummond, Mariana de Moraes, Mariano Mattos Martins, Naomy Schölling, Otávio Ortega, Patrícia Aguille, Pedro Epifânio, Ricardo Bittencourt, Rodolfo Dias Paes (Dipa), Rodrigo Gava, Sálvio Prado, Samuel de Assis, Sylvia Prado, Vera Barreto Leite, Wilson Feitosa Jr., José Celso Martinez Correa, Zé de Paiva, performers ; Phedra de Córdoba, special guest ; Adriana Capparelli, Adriano Salhab, André Santana Lagartixa, Daniel Camilo, Danilo Tomic, Guilherme Calzavara, Ito Alves, Karina Buhr, Letícia Coura, Otávio Ortega, musicians.
=520  \\$aDedicated to 'the creation of an heroic and anti-heroic attitude of those that go to war and say: Farewell Man!,' the theatrical version of the second movement of the second part of Os Sertões presents the passage from the re-volted man to the trans-man, creator of an alternate possibility for human adventure on Earth. From the story of Antônio Conselheiro, all theater relives its seminal death: a common man who, out of love, transmutes into an anti-messianic leader, gathering a legion of 'sertanejos,' roots of solidarity in the inlands of Bahia who, in a community effort, raise dams, churchs, and cemetaries. The community had at one point 25 thousand inhabitants, in its days the second largest city of Bahia. Capuchin Friars attempted to disperse the people of Canudos 'diplomatically.' Their denial to obey the official religious order led the Evangelist Friar to damn the followers of Antônio Conselheiro in the name of Jesus. The City prepares for war.
=520  \\$aFrom 2000 to 2007, Teat(r)o Oficina Uzyna Uzona worked on the staging of Euclides da Cunha's epic book, Os Sertões, which describes the 19th Century War of Canudos in the Brazilian 'sertão,' lead by Antônio Conselheiro. The final result was a pentalogy, formed by the plays A Terra (2002), O Homem I (2003), O Homem II (2003), A Luta I (2005), and A Luta II (2006), totalizing 27 hours of theater. Os Sertões reads the episodes of the war in light of past and present Brazilian history, and in relation to the struggle of the group against media mogul Sílvio Santos, who wanted to tear down the historic theater.
=534  \\$pMedia source original:$e1 digital video : sd., col.
=540  \\$aThere are copyright restrictions on this collection. For more information, go to the online version of this video.
=600  10$aCunha, Euclides da,$d1866-1909.$tSertões$vAdaptations.
=650  \0$aCannibalism$zBrazil$vDrama.
=650  \0$aNature$xEffect of human beings on$vDrama.
=650  \0$aTheater and society$zBrazil.
=651  \0$aCanudos (Euclides da Cunha, Brazil)
=651  \0$aBrazil$xHistory$yCanudos Campaign, 1893-1897$vDrama.
=655  \7$aPerformance.$2nyu-hidvl
=655  \7$aTheater.$2nyu-hidvl
=700  1\$aCorrea, José Celso Martinez.$4cre$4drt
=700  1\$aCoimbra, Fernando.$4cre
=700  1\$aPietra, Tommy.$4cre
=700  1\$aDrummond, Marcelo.$4cre$4pro
=700  1\$aWeglinski, Lucas.$4pro
=700  1\$aCunha, Euclides da,$d1866-1909.$tSertões.
=710  2\$aTeatro Oficina (São Paulo, Brazil)$4pro
=710  2\$aHemispheric Institute Digital Video Library.
=830  \0$aTeatro Oficina collection.
=856  40$uhttp://hdl.handle.net/2333.1/z08kptfp

