=LDR  05279cgm a2200757 a 4500
=001  003419365
=004  003419365
=005  20110228101643.0
=006  m\\\\\\\\z\\\\\\\\
=007  vd\cvaizu
=007  vf\ciahou
=007  cr\cna|||m|||a
=007  vd\cvaizu
=007  cr\|||||||||||
=008  110207e200310uuck\126\\\\\\\\\\\\vlspa\d
=024  7\$aHI2007_237_01$2nyu-hidvl
=024  7\$aHI2007_238_01$2nyu-hidvl
=024  7\$aHI2007.237_01$2nyu-hidvl
=024  7\$aHI2007.238_01$2nyu-hidvl
=040  \\$aNNU$beng$cNNU
=041  0\$aspa
=043  \\$as-ck---
=079  \\$a(OCoLC)878609688
=245  03$aLa flauta mágica$h[videorecording] =$bThe magic flute = Die Zauberflöte /$cMapa Teatro, Fundación Camarín del Carmen, Ópera de Colombia, producers ; Rolf Abderhalden Cortés, Will Crutchfield, Ópera de Colombia, directors ; Heidi Abderhalden, co-director.
=246  31$aMagic flute
=246  31$aZauberflöte
=260  \\$c2003 Oct.
=300  \\$3viewing copy.$a2 videodiscs of 2 (DVD) (126 min.: pt.1, 63 min.; pt.2, 63 min.) :$bsd., col. ;$c4 3/4 in.
=300  \\$3master.$a2 videocassettes of 2 (Digital Betacam) (126 min.) :$bsd., col. ;$c1/2 in.
=490  1\$aMapa Teatro : Laboratorio de Artistas collection
=538  \\$aDVD; NTSC.
=530  \\$aAlso available online as streaming video.
=546  \\$aIn Spanish.
=500  \\$aTitle supplied by Hemispheric Institute.
=500  \\$aPart of the Hemispheric Institute Digital Video Library.
=534  \\$pMedia source original:$e2 videocassettes of 2 (Mini DV) : sd., col. ; 1/4 in. SP.$mSony DVM60.
=518  \\$aPerformed at Teatro Municipal Jorge Eliécer Gaitán, Bogotá, Colombia, in October 2003.
=508  \\$aMapa Teatro, stage concept ; Elizabeth Aberderhalden, costumes.
=511  1\$aÓpera de Colombia, performers ; Beatriz Mora, Adriana Patricia Herrera, Carol González, Giovanna Rodríguez, Mercedes Guerrero, Adriana Montaña, Fabiola Martínez, sopranos ; Iván Yesid, Javier Illidge, Nicolás Tiffin, Wilson Cuellar, tenors ; Camilo Mendoza, baritone ; Valeriano Lanchas, Alexis Trejos, bass ; music composed by Wolfgang Amadeus Mozart.
=520  \\$aRolf and Heidi Abderhalden of Mapa Teatro direct the Ópera de Colombia in the 'The Magic Flute' by Wolfgang Amadeus Mozart. Mapa Teatro's rendition of the classic singspiel explores the magic nature of its plot, placing the piece at the crossroads of fantasy, comedy and philosophy - the realm of dreams, that mysterious zone of humanity. In this surreal performance (where fantastic masks, multimedia projections, surreal costumes and magnificent opera singing coexist) faces are almost imperceptible, gestures are almost intangible, psyche becomes voice, voice becomes body, body becomes space, space becomes time, and characters are constantly transfigured and transformed. One of the foremost artistic companies in Colombia, Mapa Teatro (www.mapateatro.org) has been producing theater, performance and art installation projects since 1984. Founders and directors, Rolf and Heidi Abderhalden have created a wide ranging repertoire of theater, opera, mixed-media performance, and site-specific installation. Their work proposes richly textured visual metaphors in which they consider often complex psychological, social and political relationships. Committed to experimentation, and less interested in the actor as an 'agent of fiction,' they describe their project as 'a laboratory of social imagination,' that offers a space for presenting community issues and human concerns in media and performance. This combination of real-life situations and sites along with highly stylized aesthetic staging produces a tension between real action and (re)presentation. Mapa Teatro draws from live events captured on video such as the demolition of a neighborhood in Bogotá, ritual practice, and texts that explore the relationship of postmodern subjects, myth and metaphor. Mapa Teatro has performed by commissions, festivals and collaborative projects world-wide.
=540  \\$aThere are copyright restrictions on this collection. For more information, go to the online version of this video.
=600  10$aMozart, Wolfgang Amadeus,$d1756-1791.$tZauberflöte.
=650  \0$aTheater$zColombia$zBogotá.
=650  \0$aPerforming arts$zColombia$zBogotá.
=650  \0$aOpera$zColombia$zBogotá.
=655  \7$aPerformance.$2nyu-hidvl
=655  \7$aOpera.$2nyu-hidvl
=655  \7$aTheater.$2nyu-hidvl
=655  \7$aSingspiel.$2nyu-hidvl
=655  \7$aExperimental theater.$2nyu-hidvl
=655  \7$aRehearsal.$2nyu-hidvl
=700  1\$aCortés, Rolf Abderhalden.$4drt
=700  1\$aCortés, Heidi Abderhalden.$4drt
=700  1\$aCrutchfield, Will.$4drt
=700  1\$aMozart, Wolfgang Amadeus,$d1756-1791.$tZauberflöte.
=710  2\$aMapa Teatro.$4pro
=710  2\$aFundación Camarín del Carmen.$4pro
=710  2\$aÓpera de Colombia.$4pro$4drt$4prf
=710  2\$aHemispheric Institute Digital Video Library.
=830  \0$aMapa Teatro : Laboratorio de Artistas collection.
=853  00$81$apt.
=863  \\$81.1$a1
=863  \\$81.2$a2
=856  40$uhttp://hdl.handle.net/2333.1/1ns1rpg5

