=LDR  04162cgm a22007335a 4500
=001  000518143
=003  NNU
=004  NYUb13507297
=005  20080408163331.0
=006  m\\\\\\\\z\\\\\\\\
=007  vd\cvaizu
=007  vf\ciahou
=007  cr\cna
=007  cr\|||||||||||
=008  070619e20030111nyu029\\\\\\\\\\\\vleng\d
=024  7\$aHI2005_063_01$2nyu-hidvl
=024  7\$aHI2005.063_01$2nyu-hidvl
=040  \\$aNNU$cNNU$eamim
=043  \\$an-us-ny
=245  00$aNative American artists/scholars$h[videorecording] :$bspeaking for ourselves in the 21st century.
=246  3\$aNative American artists and scholars :$bspeaking for ourselves in the 21st century
=246  30$aSpeaking for ourselves in the 21st century
=246  1\$iTitle on DVD container label:$aNative American artist and scholars
=260  \\$c2003 Jan. 11.
=300  \\$3master.$a1 videocassette of 1 (Digital Betacam) (29 min.) :$bsd., col. ;$c1/2 in.
=300  \\$3viewing copy.$a1 videodisc of 1 (DVD) (29 min.) :$bsd., col. ;$c4 3/4 in.
=490  1\$aAmerican Indian Community House collection
=530  \\$aAlso available online as streaming video.
=500  \\$aTitle supplied by Hemispheric Institute.
=500  \\$aPart of the Hemispheric Institute Digital Video Library.
=534  \\$pMedia source original:$e1 videocassette of 1 (VHS) : sd., col. ; 1/2 in. SP.
=518  \\$aFilmed at the American Indian Community House Gallery, New York City, on Jan. 11, 2003.
=508  \\$aAmerican Indian Community House, producer ; Presencia Taina TV, producer ; R. J. Hernandez, videographer.
=511  0\$aPhoebe Farris, guest curator ; Norman Akers, artist ; Nadema Agard, artist.
=520  \\$a"Native American Artists/Scholars: Speaking for Ourselves in the 21st Century" is a gallery exhibition curated by Phoebe Farris that features artists Nadema Agard, Lakota/Cherokee/Powhatan, Norman Akers, Pawnee/Osage, George Longfish, Seneca/Tucarora, and Gail Trembley, Onondaga/Micmac. In this video, Ms. Farris discusses the exhibition and artists Nadema Agard and Norman Akers discuss their works. The American Indian Community House Gallery is the only Indian owned and operated Gallery in New York City. The gallery feature the works of American Indian Artists as well as Native artists from Mexico. Canada and Central and South America. For more information: www.aich.org. The Badger's Corner is an education via entertainment vehicle for our visual and performing arts department programs: American Indian Community House Gallery/Museum and Native Americans in the Arts. Taking its name from the Pueblo legend of the four-legged creature who led them out of the underworld after the great flood, the intent is to inform and challenge people to rethink their concept(s) of Native American people and customs.
=540  \\$aThere are copyright restrictions on this collection. For more information, go to the online version of this video.
=650  \0$aIndian artists.
=650  \0$aIndian arts.
=650  \0$aIndian art$zNew York (State)$zNew York.
=650  \0$aExhibitions$zNew York (State)$zNew York.
=650  \0$aArt museums$zNew York (State)$zNew York.
=650  \0$aIndians of North America.
=653  \\$aUrban Indian gallery
=653  \\$aNative American art
=653  \\$aNative American artists
=653  \\$aNative American scholars
=653  \\$aArt discussion
=655  \7$aDiscussion.$2nyu-hidvl
=700  1\$aFarris, Phoebe,$d1952-$4cur
=700  1\$aAkers, Norman.$4art
=700  1\$aAgard, Nadema.$4art
=700  1\$aLongfish, George C.$4art
=700  1\$aTrembley, Gail.$4art
=700  1\$aHernandez, R. J.$4vdg
=710  2\$aAmerican Indian Community House (New York, N.Y.)$4pro
=710  2\$aPresencia Taina TV.$4pro
=710  2\$aHemispheric Institute Digital Video Library.
=830  \0$aAmerican Indian Community House collection.
=856  40$uhttp://hdl.handle.net/2333.1/jdfn2zc4

