=LDR  03564cgm a22005775a 4500
=001  000980990
=003  NNU
=004  NYUb12795531
=005  20090409165359.0
=006  m\\\\\\\\z\\\\\\\\
=007  vd|cvaizu
=007  vf|ciahou
=007  cr\|||||||||||
=007  vd|cz\hou
=008  031014e200307uunyu060\\\\\\\\\\\\vleng\d
=024  7\$aHI2003_001_01$2nyu-hidvl
=024  7\$aHI2003.001_01$2nyu-hidvl
=040  \\$aNNU$cNNU$eamim
=043  \\$acl-----
=245  00$aJean Franco keynote address$h[videorecording] :$bThe second coming : religion as entertainment.
=246  30$aSecond coming : religion as entertainment
=246  30$aReligion as entertainment
=260  \\$c2003 July.
=300  \\$3viewing copy.$a1 videodisc of 1 (DVD) (60 min.) :$bsd., col. ;$c4 3/4 in.
=300  \\$3master.$a1 videocassette of 1 (Digital Betacam) (60 min.) :$bsd., col. ;$c1/2 in.
=530  \\$aAlso available online as streaming video.
=500  \\$aTitle supplied by Hemispheric Institute.
=500  \\$aPart of the Hemispheric Institute Digital Video Library.
=518  \\$aDelivered as part of the Spectacles of Religiosities Seminar, Hemispheric Institute of Performance and Politics, New York University, July 5-12, 2003.
=508  \\$aJean Franco, writer ; Hemispheric Institute, commissioner ; NYU TV and Media, videographer.
=511  0\$aJean Franco, keynote speaker.
=534  \\$pMedia source original:$e1 videocassette of 1 (Mini DV) : digital sd., col. ; 1/4 in.
=520  \\$aVideo documentation of Jean Francos keynote address, The Second Coming: Religion as Entertainment, presented as a part of the 4th Encuentro of the Hemispheric Institute of Performance and Politics, celebrated in July of 2003 in New York City, United States under the title Spectacles of Religiosities. Everywhere secularism is in retreat. Not only are fundamentalists on the rise but also many competing brands of spirituality are now widely disseminated through media, film, best selling fiction and television. While most orthodox religions have always used ritual and performance, telecommunications and televisual effects are transforming religion into religiosity. The return of religion has become an issue. Jean Franco is currently Professor Emeritus at Columbia University. She is the winner of the PEN 1996 award for lifetime contribution to the dissemination of Latin American literature in English and has been recognized by the Chilean and Venezuelan governments for advanced scholarship on Latin American literature in the United States.
=540  \\$aThere are copyright restrictions on this collection. For more information, go to the online version of this video.
=650  \0$aFundamentalism$zLatin America.
=650  \0$aReligion and sociology.
=651  \0$aLatin America$xReligion$y20th century.
=653  \\$aReligion and telecommunications
=653  \\$aReturn of religion
=655  \7$aKeynote address.$2nyu-hidvl
=700  1\$aFranco, Jean.$4aut$4spk
=710  2\$aHemispheric Institute of Performance and Politics.$4fnd
=710  2\$aNYU-TV (Television station : New York, N.Y.)$4vdg
=710  2\$aHemispheric Institute Digital Video Library.
=711  2\$aHemispheric Institute Encuentro$n(4th :$d2003 :$cNew York, N.Y.).$tSpectacles of religiosities.
=856  40$uhttp://hdl.handle.net/2333.1/g1jwstvr

