=LDR  04731cgm a22007695a 4500
=001  000512370
=003  NNU
=004  NYUb13500842
=005  20080310173321.0
=006  m\\\\\\\\z\\\\\\\\
=007  vd\cvaizu
=007  vf\ciahou
=007  cr\cna
=007  \\vd
=007  cr\|||||||||||
=008  070530e200304uuck\102\\\\\\\\\\\\vlspa\d
=024  7\$aHI2006_143_01$2nyu-hidvl
=024  7\$aHI2006_144_01$2nyu-hidvl
=024  7\$aHI2006.143_01$2nyu-hidvl
=035  \\$a(NYU)NYUb13500842
=040  \\$aNNU$cNNU$eamim
=041  0\$aspa
=043  \\$as-ck---
=245  00$aDe caos y deca caos$h[videorecording].
=260  \\$c2003 Apr.
=300  \\$3master.$a2 videocassettes of 2 (Digital Betacam) 102 min.) :$bsd., col. ;$c1/2 in.
=300  \\$3viewing copy.$a2 videodiscs of 2 (DVD) (102 min. : pt.1, 63 min. ; pt.2, 39 min.) :$bsd., col. ;$c4 3/4 in.
=490  1\$aTeatro La Candelaria collection
=530  \\$aAlso available online as streaming video.
=546  \\$aIn Spanish.
=500  \\$aTitle supplied by Hemispheric Institute.
=500  \\$aPart of the Hemispheric Institute Digital Video Library.
=534  \\$pMedia source original:$e2 videocassettes of 2 (Mini DV) : sd., col. ; 1/4 in. SP.$mPanasonic Mini DV LP Mode, 90.
=518  \\$aPerformed at Teatro La Candelaria, Bogotá, Colombia, in Apr. 2003.
=508  \\$aSantiago García, writer, director ; Patricia Ariza, Fernando Peñuela, writers ; Teatro La Candelaria, producer ; Carlos Robledo, lighting design ; Hernando Forero, musical selection ; Jorge Ardilla, Santiago García, set design ; La Comunidad Comunicaciones, post-production ; Jorge Villa, Sandra Cardona, videographers ; Jazmín Muñoz, administrative assistant ; Deisy Cortés, assistant ; Teresa Sanabria, cleaning.
=511  1\$aCésar Badillo, Fanny Baena, Patricia Ariza, Fernando Peñuela, Nohora Ayala, Fernando Mendoza, Hernando Forero, Shirley Martínez, Francisco Martínez, Carmiña Martínez, Nohora González, Alexandra Escobar, Rafael Giraldo, Fabio Velasco, Libardo Flórez, Adelaida Otalora.
=520  \\$aThe play poses a critique on the Colombian ruling class in all its miseries and contradictions. The piece is comprised of a series of skits. Some of the characters are: an upper class couple, an old dying aristocrat, an old and lonely lady, and an 18-year-old nerd socialite at her birthday. Corruption, violence, superficiality, materialism ands pettiness are some of the traits explored in the piece. La Candelaria was founded in 1966 by a group of independent artists and intellectuals who came from experimental theater and the broader Colombian cultural movement. Directed by Santiago García, La Candelaria (www.teatrolacandelaria.org.co) is one of Colombian theater's most innovative agents, modernizing national drama while addressing popular audiences. By means of an ongoing exploration of national folklore, situations and characters, they have created some of Colombia's most compelling plays, some of them through the method of 'creación colectiva' ('collective creation'), addressing the acute social and political problems of their society. At the same time, they fostered the creation of Corporación Colombiana del Teatro and have developed a number of theoretical works that reflect upon dramatic creation, its methods and languages. Still nowadays, La Candelaria is committed to repertoire, experimentation, and discussion as fundamental elements to artistic creation.
=540  \\$aThere are copyright restrictions on this collection. For more information, go to the online version of this video.
=650  \0$aTheater$zColombia.
=650  \0$aSocial classes$zColombia.
=650  \0$aUpper class$zColombia.
=650  \0$aEquality$zColombia.
=650  \0$aCorruption.
=650  \0$aViolence.
=650  \0$aSuperficiality.
=650  \0$aMaterialism.
=653  \\$aSocial inequality
=653  \\$aCreación colectiva
=655  \7$aPerformance.$2nyu-hidvl
=655  \7$aTheater.$2nyu-hidvl
=655  \7$aCollective creation.$2nyu-hidvl
=655  \7$aColombian theater.$2nyu-hidvl
=700  1\$aGarcía, Santiago.$4aut$4drt$4std
=700  1\$aAriza, Patricia.$4aut
=700  1\$aPeñuela, Fernando.$4aut
=710  2\$aGrupo La Candelaria.$4pro
=710  2\$aHemispheric Institute Digital Video Library.
=830  \0$aTeatro La Candelaria collection.
=853  00$81$apt.
=863  50$81.1$a1$p31142045843599
=863  50$81.2$a2$p31142045843607
=856  40$uhttp://hdl.handle.net/2333.1/f4qrfjfm
=954  \\$81$aVolumes

