=LDR  04830cgm a22006495a 4500
=001  000518422
=003  NNU
=004  NYUb13507596
=005  20071210173431.0
=006  m\\\\\\\\z\\\\\\\\
=007  vd\cvaizu
=007  vf\ciahou
=007  cr\cna
=007  cr\|||||||||||
=008  070620s2003\\\\mx\085\\\\\\\\\\\\vlmul\d
=024  7\$aHI2005_067_01$2nyu-hidvl
=024  7\$aHI2005.067_01$2nyu-hidvl
=040  \\$aNNU$cNNU$eamim
=041  0\$aeng$aspa
=245  00$aMuseo de la identidad fetich-izada :$bPocha Nostra workshop$h[videorecording]
=246  3\$aPocha Nostra workshop at the Museo del Chopo, Mexico City
=260  \\$c2003 May.
=300  \\$3master.$a1 videocassette of 1 (Digital Betacam) (85 min.) :$bsd., col. ;$c1/2 in.
=300  \\$3viewing copy.$a1 videodisc of 1 (DVD) (85 min.) :$bsd., col. ;$c4 3/4 in.
=490  1\$aFrom Aztec to High-Tech : the performance video collections of Guillermo Gómez-Peña & La Pocha Nostra, 1985-2004.
=530  \\$aAlso available online as streaming video.
=546  \\$aIn English, Spanish, and Spanglish.
=500  \\$aTitle supplied by Hemispheric Institute.
=500  \\$aPart of the Hemispheric Institute Digital Video Library.
=534  \\$pMedia source original:$e1 videocassette of 1 (VHS) : sd., col. ; 1/2 in. SP.$mT-120.
=518  \\$aWorkshop held at Museo del Chopo, Mexico City, Mexico, in May 2003.
=508  \\$aGuillermo Gómez-Peña, director, producer ; La Pocha Nostra, producer ; Museo del Chopo, producer.
=511  0\$aGuillermo Gómez-Peña, Juan Ybarra, instructors.
=520  \\$aUnedited documentation of La Pocha Nostra's one-week intensive workshop with 15 local performance/visual artists, curators, DJ's and musicians in Mexico City. During the workshop, held at the Museo del Chopo, participants develop constructed 'hybrid personas' based on their own complex identities and personal sense of race and gender. The resulting 'cultural especimens' later composed the performance/installation 'El Museo de la Identidad Fetich-Izada', a multimedia interactive diorama of fetishized identities addressing issues of appropriation of hybridity by corporate multiculturalism. La Pocha Nostra (www.pochanostra.com) is an ever-morphing trans-disciplinary arts organization, founded in 1993 by Guillermo Gómez-Peña, Roberto Sifuentes, and Nola Mariano in California. The objective was to formally conceptualize Gómez-Peña's collaborations with other performance artists. It provides a base (and forum) for a loose network of rebel artists from various disciplines, generations and ethnic backgrounds, whose common denominator is the desire to cross and erase dangerous borders between art and politics, practice and theory, artist and spectator. As of June 2006, members include performance artists Guillermo Gómez-Peña, Violeta Luna, Michelle Ceballos, and Roberto Sifuentes; curators Gabriela Salgado and Orlando Britto; and over thirty associates worldwide in countries such as Mexico, Spain, the UK, and Australia. Projects range from performance solos and duets to large-scale performance installations including video, photography, audio, and cyber-art. La Pocha collaborates across national borders, race, gender and generations. Their collaborative model functions both as an act of citizen diplomacy and as a means to create ephemeral communities of like-minded rebels. The basic premise of these collaborations is founded on an ideal: If we learn to cross borders on stage, we may learn how to do so in larger social spheres. La Pocha strives to eradicate myths of purity and dissolve borders surrounding culture, ethnicity, gender, language, and métier. These are radical acts.
=540  \\$aThere are copyright restrictions on this collection. For more information, go to the online version of this video.
=650  \0$aMulticulturalism.
=650  \0$aRace.
=650  \0$aEthnicity.
=650  \0$aGender identity.
=650  \0$aIdentity (Psychology)
=650  \0$aAnthropology$xSocial aspects.
=655  \7$aPerformance/Workshop.$2nyu-hidvl
=655  \7$aPerformance art.$2nyu-hidvl
=655  \7$aBorder art.$2nyu-hidvl
=655  \7$aReverse anthropology.$2nyu-hidvl
=700  1\$aGómez-Peña, Guillermo.$4drt$4pro$4prf
=700  1\$aYbarra, Juan.$4prf
=710  2\$aPocha Nostra.
=710  2\$aMuseo Universitario del Chopo.
=710  2\$aHemispheric Institute Digital Video Library.
=830  \0$aFrom Aztec to High-Tech : the performance video collections of Guillermo Gómez-Peña & La Pocha Nostra, 1985-2004.
=856  40$uhttp://hdl.handle.net/2333.1/1c59zw9x

