=LDR  04341cgm a22005655a 4500
=001  000989645
=003  NNU
=004  NYUb12804701
=005  20090409165404.0
=006  m\\\\\\\\z\\\\\\\\
=007  vd|cvaizu
=007  vf|ciahou
=007  vd|cz\hou
=007  cr\|||||||||||
=008  031110e20030715nyu060\\\\\\\\\\\\vleng\d
=024  7\$aHI2003_021_01$2nyu-hidvl
=024  7\$aHI2003.021_01$2nyu-hidvl
=035  \\$a(NYU)NYUb12804701
=040  \\$aNNU$cNNU$eamim
=245  00$aInterview with Jill Greenhalgh & Mike Brookes$h[videorecording].
=246  30$aJill Greenhalgh & Mike Brookes
=246  3\$aMike Brookes & Jill Greenhalgh
=260  \\$c2003 July 15.
=300  \\$3viewing copy.$a1 videodisc of 1 (DVD) (60 min.) :$bsd., col. ;$c4 3/4 in.
=300  \\$3master.$a1 videocassette of 1 (Digital Betacam) (60 min.) :$bsd., col. ;$c1/2 in.
=530  \\$aAlso available in streaming video in low bandwidth for dial-up modems and higher bandwidth for broad band connections.
=500  \\$aTitle supplied by Hemispheric Institute.
=500  \\$aPart of the Hemispheric Institute Digital Video Library.
=534  \\$pMedia source original:$e1 videocassette of 1 (Mini DV) : digital sd., col. ; 1/4 in.$mPanasonic.
=518  \\$aInterviewed by Youngsoon Kim and Shayoni Mitra of NYU, Dept. of Performance Studies on July 15, 2003, as part of the Spectacles of Religiosities Seminar, Hemispheric Institute of Performance and Politics, New York University, July 5-12, 2003.
=508  \\$aHemispheric Institute of Performance and Politics, producer ; Youngsoon Kim, videographer.
=511  1\$aJill Greenhalgh, interviewee ; Mike Brookes, interviewee ; Youngsoon Kim, interviewer ; Shayoni Mitra, interviewer.
=520  \\$aInterview with Jill Greenhalgh and Mike Brookes, conducted by Shayoni Mitra and Youngsoon Kim during the 4th Encuentro of the Hemispheric Institute of Performance and Politics, celebrated in July of 2003 in New York City, United States under the title 'Spectacles of Religiosities'. In this interview, Greenhalgh and Brookes talk about the creation of 'Water[war]s', their ongoing experimental performance art/intervention project. Jill Greenhalgh has been a professional theater maker--producer, director, performer, and teacher--for 27 years. She has traveled and worked extensively within Europe, Australasia and the Americas. In 1986 she founded the Magdalena Project International Network of Women in Contemporary Theater and has remained its artistic director. Her current performance projects include The Water[war]s a long term investigation in collaboration with different groups of women performers across the globe and Las Sin Tierra - & attempted crossings of the Straits of Gibraltar which she directed for Nomad Theater of Spain, in collaboration with the artist and designer Mike Brookes. Currently, she is lecturer in Performance Studies at the University of Wales Aberystwyth. Mike Brookes began his career as a painter and has increasingly reconnected his work with performance. In recent years his work has focused largely upon the holistic production of durational objects, environments, and contexts, in which short-range and satellite radio broadcast technology, mobile telecommunications, helicopters, cars, trains, surveillance camera and monitoring equipment. Mike Brookes is currently teaching Scenographic Studies at University of Wales Aberystwyth.
=540  \\$aThere are copyright restrictions on this collection. For more information, go to the online version of this video.
=650  \0$aPerforming arts$xPolitical aspects.
=650  \0$aPerforming arts$xPhilosophy.
=653  \\$aWater [war]s
=655  \7$aInterview.$2nyu-hidvl
=700  1\$aGreenhalgh, Jill.$4ive
=700  1\$aBrookes, Mike.$4ive
=700  1\$aKim, Yŏng-sun.$4ivr$4vdg
=700  1\$aMitra, Shayoni.$4ivr
=710  2\$aHemispheric Institute of Performance and Politics.$4pro
=710  2\$aHemispheric Institute Digital Video Library.
=711  2\$aHemispheric Institute Encuentro$n(4th :$d2003 :$cNew York, N.Y.).$tSpectacles of religiosities.
=856  40$uhttp://hdl.handle.net/2333.1/2rbnzs90

