=LDR  03883cgm a2200613 a 4500
=001  003747262
=004  003747262
=005  20140421212151.0
=006  m\\\\\\\\z\\\\\\\\
=007  vd\cvaizu
=007  cr\cna|||m|||a
=007  cr\|||||||||||
=007  vd\cvaizu
=008  130507s2003\\\\mx\080\\\\\\\\\\\\vlspa\d
=024  7\$aHI2011_039_01$2nyu-hidvl
=024  7\$aHI2011_040_01$2nyu-hidvl
=024  7\$aHI2011.039_01$2nyu-hidvl
=024  7\$aHI2011.040_01$2nyu-hidvl
=040  \\$aNNU$beng$cNNU
=041  0\$aspa
=043  \\$an-mx---
=245  00$aFaxes a Rumberta$h[videorecording] /$cAstrid Hadad, creator.
=260  \\$c2003.
=300  \\$3viewing copy.$a2 videodiscs of 2 (DVD) (79 min., 7 sec.: pt.1, 58 min., 2 sec.; pt.2, 21 min., 5 sec.) :$bsd., col. ;$c4 3/4 in.
=490  1\$aAstrid Hadad collection
=546  \\$aIn Spanish.
=500  \\$aTitle supplied by Hemispheric Institute.
=500  \\$aPart of the Hemispheric Institute Digital Video Library.
=518  \\$aPerformed in Mexico in 2003.
=508  \\$aOmar Ortiz, musical director.
=511  1\$aAstrid Hadad, protagonist ; Los Tarzanes, musicians.
=520  \\$aIn this video documentation of ‘Faxes a Rumberta,’ Astrid Hadad brings the female body at the center of the stage. Through her songs and her comments, she discusses issues such as gender identities, political authoritarianism, religious dogmatism, feudalistic systems, and female submission and male machismo. Hadad’s performance follows a narrative through the story of Rumberta, who starts as an innocent provincial woman who breaks with the patriarchal traditions and travels alone to Mexico City, where finally she decides to live her life in her own terms. It is specially compelling the alternation and juxtaposition of contradictory discourses on her body and her voice, given that she enacts both male and female characters. At the end, her famous mustache is a prop that suggests that gender is nothing but a construction.
=520  \\$aAstrid Hadad is a vocalist and performance artist from Mexico. Her work as a solo performance artist took off in 1995 with her show ‘Heavy Nopal.’ The term ‘heavy nopal’ refers to the Mexican cactus distilled to make tequila and is how Hadad describes her style of performance. Her shows follow the format of a cabaret, in which Hadad dazzles her audience with stunning vocals and elaborated costumes. She appropriates iconic images in Mexican culture, straps them to her body, and walks onstage to reconfigure their meanings. Through her voice and her body, Hadad challenges to her audience to adopt her system of cultural processing. Most of her work challenges cultural norms pertaining to gender roles in Mexican society. She also addresses issues of US neo imperialism. Hadad writes, produces, and promotes her own work.
=530  \\$aAlso available online as streaming video.
=534  \\$pMedia source original:$e2 videocassettes of 2 (Mini DV) : sd., col. ; 1/4 in. SP.$mPanasonic DVM60
=540  \\$aThere are copyright restrictions on this collection. For more information, go to the online version of this video.
=650  \0$aGender expression$xPolitical aspects$zMexico.
=650  \0$aGender expression$xSocial aspects$zMexico.
=650  \0$aWomen$zMexico$xSocial conditions.
=651  \0$aMexico$xIntellectual life.
=653  \\$aCabaret
=655  \7$aPerformance.$2nyu-hidvl
=655  \7$aTheater.$2nyu-hidvl
=655  \7$aCabaret.$2nyu-hidvl
=655  \7$aHeavy Nopal.$2nyu-hidvl
=700  1\$aHadad, Astrid.$4cre$4prf
=710  2\$aHemispheric Institute Digital Video Library.
=830  \0$aAstrid Hadad collection.
=856  40$uhttp://hdl.handle.net/2333.1/t76hdt18
=853  00$81$adisc
=863  \\$81.1$a1
=863  \\$81.2$a2

