=LDR  04166cgm a2200709 a 4500
=001  000549783
=003  NNU
=004  NYUb13541643
=005  20080410102413.0
=006  m\\\\\\\\z\\\\\\\\
=007  vd\cvaizu
=007  vf\ciahou
=007  cr\cna
=007  \\vd
=007  cr\|||||||||||
=008  071003e20030524pr\063\\\\\\\\\\\\vlspa\d
=024  7\$aHI2007_186_01$2nyu-hidvl
=024  7\$aHI2007_187_01$2nyu-hidvl
=024  7\$aHI2007.186_01$2nyu-hidvl
=035  \\$a(NYU)NYUb13541643
=040  \\$aNNU$cNNU$eamim
=041  0\$aspa
=043  \\$anwpr---
=245  00$aBaba Yaga$h[videorecording].
=260  \\$c2003 May 24.
=300  \\$3master.$a2 videocassettes of 2 (Digital Betacam) (63 min.) :$bsd., col. ;$c1/2 in.
=300  \\$3viewing copy.$a2 videodiscs of 2 (DVD) (63 min. : pt.1, 43 min. ; pt.2, 20 min.) :$bsd., col. ;$c4 3/4 in.
=490  1\$aDeborah Hunt / MASKHUNT collection.
=530  \\$aAlso available online as streaming video.
=546  \\$aIn Spanish.
=500  \\$aTitle supplied by Hemispheric Institute.
=500  \\$aPart of the Hemispheric Institute Digital Video Library.
=534  \\$pMedia source original:$e2 videocassettes of 2 (Mini DV) : sd., col. ; 1/4 in. SP.$mPanasonic DVM60.
=518  \\$aPerformed at Teatro Estudio Yerbabruja, Río Piedras, Puerto Rico, on May 24, 2003.
=508  \\$aDeborah Hunt, producer, montage, director ; MASKHUNT, Inc., producer ; Deborah Hunt and MASKHUNT performers, masks and puppets ; Mila Aponte, lighting board ; Guie Beeu Guerrero, videographer.
=511  1\$aDeborah Hunt, Ivette Cruz, Dulce del Río, Lauryliz González, Ada Haiman, Francisco Iglesias, Rosa Janer, Ana Lespier, Julio Morales, Judith Rivera, Sugeily Rodríguez.
=520  \\$a'Baba Yaga' is the result of a nine-month laboratory in mask work and puppetry directed by Deborah Hunt in Río Piedras, Puerto Rico, in which the participants created their masks and puppets and collectively worked on the production. 'Baba Yaga' is an early and way more interesting version of Cinderella, with the heroine emerging as a strong and powerful being. Hunt presents these long workshops every two years ... from these experiences have emerged companies of younger 'mascareros' (maskmakers) who have developed their own style and focus. Deborah Hunt is a maskmaker, puppeteer and performance artist with 35 years experience in the creation and presentation of original theater and performance works. She has worked in New Zealand, USA, England, Mexico, Central America, Puerto Rico, British Windward Islands, Argentina, Denmark, Norway, Belgrade, Venezuela, Cuba, Spain, Singapore, Australia, and has been working bilingually (English/Spanish) since 1985. Hunt also teaches puppetry and maskwork, offering intensive laboratories lasting from a weekend to nine-months long. Born in New Zealand, residing in Puerto Rico since 1990, she is a member of the Magdalena Project and the Founder and Artistic Director of MASKHUNT Inc, theater of the futile.
=540  \\$aThere are copyright restrictions on this collection. For more information, go to the online version of this video.
=650  \0$aPerforming arts$zPuerto Rico.
=650  \0$aPuppet theater$zPuerto Rico.
=650  \0$aMask makers$zPuerto Rico.
=650  \0$aMask making$zPuerto Rico.
=650  \0$aExperimental theater$zPuerto Rico.
=650  \0$aBaba Yaga (Legendary character)
=655  \7$aPerformance.$2nyu-hidvl
=655  \7$aTheater.$2nyu-hidvl
=655  \7$aMask performance.$2nyu-hidvl
=655  \7$aPuppet theater.$2nyu-hidvl
=655  \7$aExperimental theater.$2nyu-hidvl
=700  1\$aHunt, Deborah.$4pro$4drt$4cst$4prf
=710  2\$aMASKHUNT, Inc.$4pro
=710  2\$aHemispheric Institute Digital Video Library.
=830  \0$aDeborah Hunt / MASKHUNT collection.
=853  00$81$apt.
=863  50$81.1$a1$p31142046116276
=863  50$81.2$a2$p31142046116284
=856  40$uhttp://hdl.handle.net/2333.1/v6wwpzsb
=954  \\$81$aVolumes

