=LDR  04772cgm a2200601 a 4500
=001  000517507
=003  NNU
=004  NYUb13506619
=005  20080129103909.0
=006  m\\\\\\\\z\\\\\\\\
=007  vd\cvaizu
=007  vf\ciahou
=007  cr\cna
=007  cr\|||||||||||
=008  070619s2003\\\\nyu006\\\\\\\\\\\\vleng\d
=024  7\$aHI2006_026_01$2nyu-hidvl
=024  7\$aHI2006.026_01$2nyu-hidvl
=040  \\$aNNU$cNNU$eamim
=245  00$aLupe & JuanDi from the block$h[videorecording].
=246  3\$aLupe and JuanDi from the block
=260  \\$c2003.
=300  \\$3master.$a1 videocassette of 1 (Digital Betacam) (6 min.) :$bsd., col. ;$c1/2 in.
=300  \\$3viewing copy.$a1 videodisc of 1 (DVD) (6 min.) :$bsd., col. ;$c4 3/4 in.
=490  1\$aFulana collection
=530  \\$aAlso available online as streaming video.
=500  \\$aTitle supplied by Hemispheric Institute.
=500  \\$aPart of the Hemispheric Institute Digital Video Library.
=534  \\$pMedia source original:$e1 videocassette of 1 (Mini DV) : sd., col. ; 1/4 in. SP.$mSony DVM60.
=518  \\$aRecorded in New York City in 2003.
=508  \\$aFulana (Cristina Ibarra, Marlène Ramírez-Cancio, Lisandra Ramos-Grullón & Andrea Thome), creator, producer, director ; Cristina Ibarra, director, editor ; Jessica Yllarramendi, assistant director ; Esteban Lima, director of photography ; Milton Ruiz, sound recording & mixing ; Franklin Molina, costumes ; Sandra Saavedra, makeup ; Herminia Collado, choreography ; Andrea Thome, choreography ; Miguel Luciano, art ; Marlène Ramírez-Cancio, graphic design.
=511  1\$aLisandra Ramos-Grullón ; Luis Grullón-Ramos ; Andrea Thome ; Marlène Ramírez-Cancio ; Herminia Collado ; Aroosha Rana ; Miguel Luciano ; Adriana Vázquez.
=520  \\$aFulana's 'Lupe & JuanDi from the Block' is a mock music video that explores two main themes: the hyper-commercialization of religious icons, and the 'whitening' of Latinos when they cross over into mainstream pop culture. Fulana used The Virgin of Guadalupe to comment on the commodification of religion, as her image is everywhere: on t-shirts, postcards, key chains, handbags, designer jeans, etc.; she has become a hipster-friendly Latina Virgin superstar. Juan Diego, the indigenous man to whom this Virgin first appeared, has recently made it to sainthood, but he has been 'whitened' in the Vatican's official image, which erases his indigenous traits and makes him look like a Spaniard. This is reminiscent of the whitening of Latina/o pop stars when they 'make it' in the music industry ( e.g. Shakira). Rewriting J-Lo's pop hit, 'Jenny from the Block,' this video stages the 'creation' of Saint Juan Diego by mafia-sounding Vatican intelligence (the Pope and music producer Emilio Estefan). Knowing the Catholic Church is in crisis, losing many of their flock to Evangelicals, they decide to canonize Juan Diego to attract the Latino market. Mr. Estefan gives Juan Diego a 'cross-over make-over' and the Pope canonizes him on the spot. JuanDi is thrilled by his transformation, but the Virgin admonishes him for having sold out. As the song progresses, their fighting becomes more intense, their egos take over, and they eventually alienate their supporters, who go off with an Evangelical couple who knocks at their door. Fulana (www.fulana.org) is a Latina video collective from New York City. Through parody and satire, Fulana explores themes that are relevant to Latino cultures in the U.S., delving into the nuances that bind our experiences, experimenting with strategies to make visible what we're so often made to read between the lines. Their work, which consists mainly of mock television commercials, music videos and print advertisements, responds to the ways products and ideas are marketed to Latinos through the mass media.
=540  \\$aThere are copyright restrictions on this collection. For more information, go to the online version of this video.
=655  \0$aPolitical satire.
=650  \0$aMass media.
=650  \0$aMass media and culture.
=655  \0$aReligious satire.
=653  \\$aLatino
=653  \\$aMedia and popular culture
=655  \7$aPerformance.$2nyu-hidvl
=655  \7$aShort film.$2nyu-hidvl
=655  \7$aVideo art.$2nyu-hidvl
=700  1\$aIbarra, Cristina.$4drt$4edt
=700  1\$aYllarramendi, Jessica.$4drt
=710  2\$aFulana.$4cre$4pro$4drt
=710  2\$aHemispheric Institute Digital Video Library.
=830  \0$aFulana collection.
=856  40$uhttp://hdl.handle.net/2333.1/kd51c5mb

