=LDR  05858cgm  2200661 a 4500
=001  000031729
=003  NNU
=004  000031729
=005  20100208132735.0
=006  m\\\\\\\\z\\\\\\\\
=007  vd\cvaizu
=007  vf\ciahou
=007  cr\cna|||||||a
=007  cr\|||||||||||
=007  vd\cvaizu
=008  080503e200312uuxx\011\\\\\\\\\\\\vlspa\d
=024  7\$aHI2007_234_01$2nyu-hidvl
=035  \\$a(NYU)NYUb13610628
=040  \\$aNNU$cNNU$eamim
=041  0\$aspa
=079  \\$a(OCoLC)227163666
=245  00$aRe-corridos$h[videorecording].
=246  3\$aRe-corridos :$bmemoria viva Santa Inés-El Cartucho
=246  3\$aCúndua :$bre-corridos
=260  \\$c2003 Dec.
=300  \\$a1 videodisc of 1 (DVD) (11 min.) :$bsd., col. ;$c4 3/4 in.$3viewing copy.
=300  \\$a1 videocassette of 1 (Digital Betacam) (11 min.) :$bsd., col. ;$c1/2 in.$3master.
=490  1\$aMapa Teatro : Laboratorio de Artistas collection
=530  \\$aAlso available online as streaming video.
=546  \\$aIn Spanish.
=500  \\$aTitle supplied by Hemispheric Institute.
=500  \\$aPart of the Hemispheric Institute Digital Video Library.
=534  \\$pMedia source original:$e1 videocassette of 1 (Mini DV) : sd., col. ; 1/4 in. SP.$mSony DVM60.
=518  \\$aPerformed in Bogotá, Colombia, in December 2003.
=508  \\$aMapa Teatro, Cúndua, producers ; José Igancio [sic] Rincón, producer ; Rolf Abderhalden, artistic director ; Heidi Abderhalden, director ; Daniel Vargas, executive director ; Rolando Vargas, video, editor ; Catherinne Cely, editor ; Omar Gutiérrez, videographer.
=511  1\$aDiana Triana, artist ; Martha Patricia Niño, artist ; Juan Carlos Dávila, artist ; Rolando Vargas, artist ; Catherinne Cely, artist ; Boris Terán, artist ; Diego Benavides, artist ; Lucas Maldonado, artist ; Javier Navarro, artist ; Germán Garzón, artist ; Nicolás Rico, anthropologist ; German Piffano, anthropologist ; Juan Carlos Vallejo, architect ; Enrique Afonso, photography ; Mauricio Esguerra, photography ; Carlos Benavides, composer ; Carlos Benavides, sound engineer ; Juan Pablo Pedraza, student ; Ana María Guio, student ; Lina María Sánchez, student ; Alejandra Millán, student ; José Ignacio Forero, staging ; Alirio García, staging ; Hector Guerrero, staging ; Diego Alberto Olarte, staging ; Giovanni García, staging ; Andrés Pedraza, staging ; Lorenzo Aguillón, staging ; Javier Estupiñan, staging ; Fabian Fonseca, staging ; Freddy Gutierrez, staging.
=520  \\$aMapa Teatro's installation project, 'Re-corridos,' memorializes the demolition of an urban neighborhood known as Santa Inés-El Cartucho in Bogotá, Colombia. Staged in a rustic, colonial home typical of the neighborhood, the installation was visited by more than 6,000 spectators during the last phase of demolition in the first half of December 2003. Based on testimony of former inhabitants, Mapa Teatro attempts to reconstruct traces of life in found objects, photographs, sound and audio-visual display as a refuge for these fragments of memory. The installation consists of 12 physical spaces that correspond to niches of memory of El Cartucho: 'El Testigo' (object); 'El campanero' (interactive sound); 'El escombro' (video sound installation); 'Los pasos' (photographic projection); 'El Carro / La báscula' (interactive installation); 'La botella' (interactive object); 'La casa' (video projection); 'La habitación' (video-sound installation); 'La piel' (sound installation); 'El fósforo' (photo installation); 'El resto' (installation); 'La voz' (sound installation). One of the foremost artistic companies in Colombia, Mapa Teatro (www.mapateatro.org) has been producing theater, performance and art installation projects since 1984. Founders and directors, Rolf and Heidi Abderhalden have created a wide ranging repertoire of theater, opera, mixed-media performance, and site-specific installation. Their work proposes richly textured visual metaphors in which they consider often complex psychological, social and political relationships. Committed to experimentation, and less interested in the actor as an 'agent of fiction,' they describe their project as 'a laboratory of social imagination,' that offers a space for presenting community issues and human concerns in media and performance. This combination of real-life situations and sites along with highly stylized aesthetic staging produces a tension between real action and (re)presentation. Mapa Teatro draws from live events captured on video such as the demolition of a neighborhood in Bogotá, ritual practice, and texts that explore the relationship of postmodern subjects, myth and metaphor. Mapa Teatro has performed by commissions, festivals and collaborative projects world-wide.
=540  \\$aThere are copyright restrictions on this collection. For more information, go to the online version of this video.
=650  \0$aTheater$zColumbia$zBogotá.
=650  \0$aPerforming arts$zColumbia$zBogotá.
=650  \0$aTheater and society$zColumbia$zBogotá.
=651  \0$aEl Cartucho (Bogotá, Colombia)$xSocial conditions$y20th century.
=655  \7$aPerformance.$2nyu-hidvl
=655  \7$aInteractive installation.$2nyu-hidvl
=655  \7$aPolitical performance.$2nyu-hidvl
=700  1\$aIgnacio Rincón, José.$4pro
=700  1\$aAbderhalden, Rolf.$4art$4drt
=700  1\$aAbderhalden, Heidi.$4drt
=700  1\$aVargas, Daniel.$4drt
=700  1\$aVargas, Rolando.$4vdg$4edt
=710  2\$aMapa Teatro.$4pro
=710  2\$aCúndua.$4pro
=710  2\$aHemispheric Institute Digital Video Library.
=830  \0$aMapa Teatro : Laboratorio de Artistas collection
=856  40$uhttp://hdl.handle.net/2333.1/866t1g7c

