=LDR  03941cgm a22006255a 4500
=001  001011923
=003  NNU
=004  NYUb12828569
=005  20100804155719.0
=006  m\\\\\\\\z\\\\\\\\
=007  vd|cvaizu
=007  vf|ciahou
=007  vd|cvaizu
=007  cr\|||||||||||
=008  031013e20030718nyu060\\\\\\\\\\\\vleng\d
=024  7\$aHI2004_001_01$2nyu-hidvl
=024  7\$aHI2004.001_01$2nyu-hidvl
=040  \\$aNNU$cNNU$eamim
=041  0\$aeng$aspa
=043  \\$an-mx---$an-us---
=245  00$aJosh Kun$h[videorecording] :$bBorder sound files.
=246  30$aBorder sound files
=260  \\$c2003 July 18.
=300  \\$3viewing copy.$a1 videodisc of 1 (DVD) (60 min.) :$bsd., col. ;$c4 3/4 in.
=300  \\$3master.$a1 videocassette of 1 (Digital Betacam) (60 min.) :$bsd., col. ;$c1/2 in.
=530  \\$aAlso available online as streaming video.
=546  \\$aIn English and Spanish.
=500  \\$aTitle supplied by Hemispheric Institute.
=500  \\$aPart of the Hemispheric Institute Digital Video Library.
=534  \\$pMedia source original:$e1 videocassette of 1 (Mini DV) : digital sd., col. ; 1/4 in.$mPanasonic MiniDV ME DVM60.
=518  \\$aPerformed on July 18, 2003, as part of the Spectacles of Religiosities Seminar, Hemispheric Institute of Performance and Politics, New York University, July 5-12, 2003.
=508  \\$aHemispheric Institute of Performance and Politics, producer ; Josh Kun, creator, writer ; Ulla Berg, videographer.
=511  1\$aJosh Kun.
=520  \\$aVideo documentation of Josh Kuns solo performance-lecture Border Sound Files presented as a part of the 4th Encuentro of the Hemispheric Institute of Performance and Politics, celebrated in July of 2003 in New York, United States under the title Spectacles of Religiosities. Border Sound Files is an hour long solo performance-lecture that mixes spoken narrative, spoken, history, and spoken critique, with a collage of sound, noise, and music. The piece focuses on the border between Southern California and Northern Mexico and explores it as a transnational field of sound, an aural border. Josh Kun is Associate Professor of English at University of Southern Californias Annenberg School for Communication, and he contributes on a regular basis to the Los Angeles Times, the New York Times, Los Angeles Magazine, the Village Voice, the San Francisco Bay Guardian and the Boston Phoenix. He is a 2000-2002 Sundance Writers Fellow whose writing has appeared in the popular press, scholarly journals, and book anthologies. He is the host of two Latin music video and culture shows (The Red Zone on MTV-Español and Rokamole on KJLA) and is a resident DJ with the US-UK-Latin America nightclub La Leche. He is the author of Audiotopia: Music, Race, and America (UC Press) which won a 2006 American Book Award.
=540  \\$aThere are copyright restrictions on this collection. For more information, go to the online version of this video.
=651  \0$aMexico$xBoundaries$zUnited States.
=651  \0$aUnited States$xBoundaries$zMexico.
=651  \0$aMexican-American Border Region.
=655  \0$aOral history.
=650  \0$aMonologues with music.
=655  \7$aPerformance.$2nyu-hidvl
=655  \7$aPerformance-lecture.$2nyu-hidvl
=655  \7$aAudio essay.$2nyu-hidvl
=655  \7$aAcademic presentation.$2nyu-hidvl
=700  1\$aKun, Josh.$4cre$4aut$4prf
=700  1\$aBerg, Ulla,$d1932-$4vdg
=710  2\$aHemispheric Institute of Performance and Politics.$4pro
=710  2\$aHemispheric Institute Digital Video Library.
=711  2\$aHemispheric Institute Encuentro$n(4th :$d2003 :$cNew York, N.Y.).$tSpectacles of religiosities.
=856  40$uhttp://hdl.handle.net/2333.1/rbnzs7ph

