=LDR  03563cgm a2200589 a 4500
=001  003674827
=004  003674827
=005  20121106122841.0
=006  m\\\\\\\\z\\\\\\\\
=007  vd\cvaizu
=007  cr\cna|||m|||a
=007  cr\|||||||||||
=007  vd\cvaizu
=008  121012s2003\\\\nyu011\\\\\\\\\\\\vlpor\d
=024  7\$aHI2011_025_01$2nyu-hidvl
=024  7\$aHI2011.025_01$2nyu-hidvl
=040  \\$aNNU$beng$cNNU
=041  0\$apor$jeng
=043  \\$as-bl---
=245  00$aZé Pelintra's interactive altar$h[videorecording] /$cZeca Ligiéro, director ; Núcleo de Estudos das Perfomances Afro-Ameríndias (NEPAA), producer.
=246  30$aInteractive altar
=260  \\$c2003.
=300  \\$a1 videodisc of 1 (DVD) (10 min., 15 sec.) :$bsd., col. ;$c4 3/4 in.$3viewing copy.
=490  1\$aNEPAA-Núcleo de Estudos das Performances Afro-Ameríndias/Zeca Ligiéro collection
=546  \\$aIn Portuguese with English subtitles.
=500  \\$aTitle supplied by Hemispheric Institute.
=500  \\$aPart of the Hemispheric Institute Digital Video Library.
=500  \\$aAlso contains HI2011.025_02 ("Muiraquitã").
=518  \\$aFilmed in New York City and Rio de Janeiro as part of the Spectacles of Religiosities Seminar, Hemispheric Institute of Performance and Politics, New York University, July 5-12, 2003.
=508  \\$aSamuel J.B. Nagy, video editor.
=511  1\$aEdinho Nascimento, Marise Nogueira, performers ; Amira Lépore, medium.
=520  \\$aZé Pelintra is a multicultural ambivalent figure worshiped in the Umbanda religion as both a street-life spirit and a wise old black ancestor. He is a master who can be simultaneously a trickster and a healer. Zé Pelintra uses the lure of earthly pleasures as a means to attract practitioners to his wise teachings and therapeutic goals. This video was created for the Hemispheric Institute Encuentro 2003 in New York City to recreate an interactive altar for Zé Pelintra.
=520  \\$aZeca Ligiéro is currently Associate Professor at the Federal University of Rio de Janeiro State and the curator of Augusto Boal Archive. He coordinates since 1998 the Center for the Study of Afro-Amerindian Performances-NEPAA, which is dedicated to promoting research, dissemination, and exchange with various cultures of African, Indigenous, and other non-hegemonic origin, and to studying their inter-relations within Brazil.
=530  \\$aAlso available online as streaming video.
=534  \\$pMedia source original:$e1 videocassette of 1 (Mini DV) : sd., col. ; 1/4 in. SP.$mSony Premium DVM60-ME.
=540  \\$aThere are copyright restrictions on this collection. For more information, go to the online version of this video.
=600  00$aZé Pilintra$c(Spirit)
=650  \0$aUmbanda (Cult)$zBrazil.
=653  \\$aAfro-Brazilian religious performance.
=655  \7$aDocumentary.$2nyu-hidvl
=655  \7$aVideo performance.$2nyu-hidvl
=655  \7$aDance.$2nyu-hidvl
=655  \7$aRitual.$2nyu-hidvl
=700  1\$aLigiéro, Zeca,$d1950-$4drt
=700  1\$aNagy, Samuel J.B.$4flm
=710  2\$aNúcleo de Estudos das Performances Afro-Ameríndias.$4pro
=710  2\$aHemispheric Institute Digital Video Library.
=711  2\$aHemispheric Institute Encuentro$n(4th :$d2003 :$cNew York, N.Y.).$tSpectacles of religiosities.
=830  \0$aNEPAA-Núcleo de Estudos das Performances Afro-Ameríndias/Zeca Ligiéro collection.
=856  40$uhttp://hdl.handle.net/2333.1/2ngf1wxp

