=LDR  07140cgm a2200925 a 4500
=001  000539758
=003  NNU
=004  NYUb13530874
=005  20080407110136.0
=006  m\\\\\\\\z\\\\\\\\
=007  vd\cvaizu
=007  vf\ciahou
=007  cr\cna
=007  cr\|||||||||||
=008  070830e20030327pr\129\\\\\\\\\\\\vlspa\d
=024  7\$aHI2007_088_01$2nyu-hidvl
=024  7\$aHI2007_089_01$2nyu-hidvl
=024  7\$aHI2007_090_01$2nyu-hidvl
=024  7\$aHI2007_091_01$2nyu-hidvl
=024  7\$aHI2007.088_01$2nyu-hidvl
=035  \\$a(NYU)NYUb13530874
=040  \\$aNNU$cNNU$eamim
=041  0\$aspa$aeng
=043  \\$anwpr---
=079  \\$a(OCoLC)878606780
=245  00$aRomeo(s) y Julieta(s)$h[videorecording].
=246  3\$aRomeos y Julietas
=246  3\$aRomeo y Julieta
=246  31$aRomeo and Juliet
=260  \\$c2003 Mar. 27.
=300  \\$3master.$a4 videocassettes of 4 (Digital Betacam) (129 min.) :$bsd., col. ;$c1/2 in.
=300  \\$3viewing copy.$a4 videodiscs of 4 (DVD) (129 min. : pt.1, 42 min. ; pt.2, 38 min. ; pt.3, 42 min. ; pt.4, 7 min.) :$bsd., col. ;$c4 3/4 in.
=490  1\$aRosa Luisa Márquez and theater collaborators
=530  \\$aAlso available online as streaming video.
=546  \\$aIn Spanish, with some English.
=500  \\$aTitle supplied by Hemispheric Institute.
=500  \\$aPart of the Hemispheric Institute Digital Video Library.
=534  \\$pMedia source original:$e4 videocassettes of 4 (Mini DV) : sd., col. ; 1/2 in. SP.$mPanasonic 60/90 ME.
=518  \\$aPerformed at University of Puerto Rico, Río Piedras Campus, Puerto Rico, on Mar. 27, 2003.
=508  \\$aUniversity of Puerto Rico (Río Piedras campus) Drama Dept., producer ; Rosa Luisa Márquez, producer, director ; William Shakespeare, original text ; Pablo Neruda, translation/version ; Checo Cuevas, Antonio Martorell, set design ; Omar Silva, music director ; Javier Cardona, choreographer ; Carmen Acevedo, music consultant ; Gilda Navarra, movement consultant ; Paola Marchena, Javier González, Mila Aponte-González, asst. directors ; Checo Cuevas, lighting design ; Miguel Vando, costume design ; Experimental Theater students, props ; Edgar Garayúa and performers, makeup ; Mila Aponte-González, masks ; José Cotté, graphic design ; Miguel Villafañe, videographer.
=511  1\$aJulio César Morales, Giuseppe Vázquez, Nami Helfeld, Cristina Pérez, Mariel Acevedo, Tania del Pilar Molina, Yaremis Félix, Axel Pacheco, Juan Pablo Díaz, Dharma Padrón, Mayra Acevedo, Jaime Zayas, Jessica Rodríguez, Javier Cardona, Carlos Alexis Cruz, Coquí Robles, Javier González, Lixandra Merced, Armando García, Veraalba Santa, Joaquín González, Jennifer de Jesús, Darién Acevedo, Francisco Iglesias, Arlene Martínez, María Pilar Aponte, Omar Silva, Mila Aponte-González, Emily López, Marcos Toledo, Reinaldo Rodríguez, Naomí Bonafoux, Jerry Soto, UPR High School Brass Ensemble.
=520  \\$aRosa Luisa Márquez (www.marquezmartorell.org) is a Puerto Rican theater artist and pedagogue. Founding member of the theater group Anamú in 1971, she holds a Master's degree from New York University and a Doctorate from Michigan State University; she specializes in contemporary theater. Rosa Luisa started her teaching career at the Theater department of the University of Puerto Rico in 1978. She developed the current curriculum of Drama Activities, which she teaches in her workshops at schools, prisons, rehab centers, women's shelters, nursing homes and community centers. Her directing projects include 'Romeo(s) y Julieta(s),' 'Historias para ser Contadas,' 'La Leyenda del Cemí,' 'Procesión,' 'Waiting for Godot,' 'Jardín de Pulpos,' 'Absurdos en Soledad,' 'El León y la Joya,' among others. In conjunction with Puerto Rican visual artist Antonio Martorell, she created the concept of Itinerant Performers (1987-1990) resulting in twelve productions. Published books include 'Brincos y saltos: el juego como disciplina teatral' and 'Historias para ser contadas, montaje de Rosa Luisa Márquez.' She is a member of the board of directors and pedagogical team for the EITALC's International School of Latin American and Caribbean Theater. Ongoing artistic collaborators include Gilda Navarra and Antonio Martorell (Puerto Rico), Grupo Malayerba (Ecuador), Grupo Yuyachkani (Peru), and directors Peter Shumann (Bread & Puppet Theater, U.S.A.) and Augusto Boal (Theater of the Oppressed, Brazil). This video documents the theater piece 'Romeo(s) y Julieta(s),' created collaboratively by Márquez with her students of the course of Experimental Theater at the University of Puerto Rico, Río Piedras campus. Based on Pablo Neruda's version of the classic Shakespearean tragedy, the play crystallizes a year-long investigation on the creative links between theater and visual arts, in homage to renowned Puerto Rican scenographer José 'Checo' Cuevas. Antonio Martorell collaborated with this elaborated version of 'Romeo and Juliet,' where the classic feud between Montagues and Capulets echoes the current political climate of colonialism, warfare, and 'an eye for an eye' political mentality affecting American foreign affairs, with concrete resonances with the Iraq War as well as with social and political violence at play in Puerto Rico.
=540  \\$aThere are copyright restrictions on this collection. For more information, go to the online version of this video.
=600  10$aShakespeare, William,$d1564-1616.$tRomeo and Juliet.
=650  \0$aTheater$zPuerto Rico.
=650  \0$aExperimental theater$zPuerto Rico.
=650  \0$aPerforming arts$zPuerto Rico.
=650  \0$aCollege theater$zPuerto Rico.
=653  \\$aCollaborative creation
=655  \7$aPerformance.$2nyu-hidvl
=655  \7$aTheater.$2nyu-hidvl
=655  \7$aExperimental theater.$2nyu-hidvl
=655  \7$aCollective creation.$2nyu-hidvl
=655  \7$aUniversity theater.$2nyu-hidvl
=700  1\$aMárquez, Rosa Luisa.$4pro$4drt
=700  1\$aShakespeare, William,$d1564-1616.$tRomeo and Juliet.
=700  1\$aNeruda, Pablo,$d1904-1973.$4trl
=700  1\$aCuevas, Checo.$4std$4lgd
=700  1\$aMartorell, Antonio,$d1939-$4std
=700  1\$aSilva, Omar.$4drt$4mus$4prf
=700  1\$aCardona, Javier.$4chr$4prf
=700  1\$aAcevedo, Carmen.$4mus
=700  1\$aNavarra, Gilda.$4chr
=700  1\$aMarchena, Paola.$4drt
=700  1\$aGonzález, Javier.$4drt$4prf
=700  1\$aAponte-González, Mila.$4drt$4cst$4prf
=710  2\$aUniversity of Puerto Rico (Río Piedras Campus).$bDepartamento de Drama.$4pro
=710  2\$aHemispheric Institute Digital Video Library.
=830  \0$aRosa Luisa Márquez and theater collaborators.
=856  40$uhttp://hdl.handle.net/2333.1/h9w0vtcr
=853  00$81$apt.
=863  50$81.1$a2$p31142045977363
=863  50$81.2$a3$p31142045977371
=863  50$81.3$a4$p31142045977389
=863  50$81.4$a1$p31142045977355
=954  \\$81$aVolumes

