=LDR  04261cgm a22006855a 4500
=001  001001551
=003  NNU
=004  NYUb12817432
=005  20090409165422.0
=006  m\\\\\\\\z\\\\\\\\
=007  vd|cvaizu
=007  vf|ciahou
=007  vd|cz\hou
=007  cr\|||||||||||
=008  031223e200307uunyu120\\\\\\\\\\\\vlpor\d
=024  7\$aHI2003_010_01$2nyu-hidvl
=024  7\$aHI2003_011_01$2nyu-hidvl
=024  7\$aHI2003.010_01$2nyu-hidvl
=035  \\$a(NYU)NYUb12817432
=040  \\$aNNU$cNNU$eamim
=041  0\$apor
=043  \\$as-bl---
=245  00$aLeda Marins keynote address$h[videorecording] :$bPerformances of spiral time.
=246  30$aPerformances of spiral time
=260  \\$c2003 July.
=300  \\$3viewing copy.$a2 videodiscs of 2 (DVD) (120 min.) :$bsd., col. ;$c4 3/4 in.
=300  \\$3master.$a2 videocassettes of 2 (Digital Betacam) (120 min. : pt.1, 60 min. ; pt.2, 60 min.) :$bsd., col. ;$c1/2 in.
=530  \\$aAlso available online as streaming video.
=546  \\$aIn Portuguese.
=500  \\$aTitle supplied by Hemispheric Institute.
=500  \\$aPart of the Hemispheric Institute Digital Video Library.
=534  \\$pMedia source original:$e2 videocassettes of 2 (Mini DV) : digital sd., col. ; 1/4 in.$mPanasonic MiniDV.
=518  \\$aPerformed as part of the Spectacles of Religiosities Seminar, Hemispheric Institute of Performance and Politics, New York University, July 5-12, 2003.
=508  \\$aLeda Martins, creator ; Hemispheric Institute of Performance and Politics, producer ; NYU TV and Media, videographer.
=511  0\$aLeda Martins, keynote speaker ; Zeca Ligiero, introduction.
=520  \\$aVideo documentation of Leda Martin's keynote address, 'Performances of Spiral Time', presented as a part of the 4th Encuentro of the Hemispheric Institute of Performance and Politics, celebrated in July of 2003 in New York, United States under the title 'Spectacles of Religiosities'. Africa prints her marks, traces and styles on the American territories, inscribing herself on the palimpsests that, by means of countless processes of cognition, assertion and metamorphosis, both conceptual and formal, transcreate and perform her presence and heritage. The arts and cultural creations colored by the African knowledge ostensibly reveal the ingenious and arduous means of survival of the African memory transplanted to the Americas by the diasporic Atlantic slave-trade and by other transcultural and transnational routes. Introduction by Zeca Ligiero. Leda Martins is Professor of Literature, Arts and Sciences at Universidade Federal de Minas Gerais. A major theorist of Afro-Brazilian religious performance, she has done extensive work on 'congados' and other forms of diasporic worship that participate in the transmission of Afro-Brazilian memory and identity. Her books include: 'O Moderno Teatro de Corpo Santo', Editorial UFMG, 1991; 'A Cena em Sombras', Editorial Perspectiva, 1995; 'Afrografias da Memória', Editorial Perspectiva, 1997; and 'Os Dias Anônimos', Editorial Sette Letras 1999.
=540  \\$aThere are copyright restrictions on this collection. For more information, go to the online version of this video.
=650  \0$aAfricans$zBrazil.
=650  \0$aSlave trade$zBrazil.
=650  \0$aAfro-Brazilian cults.
=650  \0$aAfrican diaspora.
=650  \0$aCollective memory.
=653  \\$aAfro-Brazilian religious performance
=653  \\$aTransatlantic slave trade
=655  \7$aKeynote address.$2nyu-hidvl
=700  1\$aMartins, Leda Maria.$4cre$4spk
=700  1\$aLigiéro, Zeca,$d1950-$4oth
=710  2\$aHemispheric Institute of Performance and Politics.$4pro
=710  2\$aNYU-TV (Television station : New York, N.Y.)$4vdg
=710  2\$aHemispheric Institute Digital Video Library.
=711  2\$aHemispheric Institute Encuentro$n(4th :$d2003 :$cNew York, N.Y.).$tSpectacles of religiosities.
=853  00$81$adisc
=863  50$81.1$a1$p31142040272422
=863  50$81.2$a2$p31142040272430$wg
=856  40$uhttp://hdl.handle.net/2333.1/98sf7m3p
=954  \\$81$aVolumes

