=LDR  05294cgm a22006735a 4500
=001  000510909
=003  NNU
=004  NYUb13499267
=005  20080229191734.0
=006  m\\\\\\\\z\\\\\\\\
=007  vd\cvaizu
=007  vf\ciahou
=007  cr\cna
=007  cr\|||||||||||
=008  070522e20030614nyu081\\\\\\\\\\\\vleng\d
=024  7\$aHI2006_112_01$2nyu-hidvl
=024  7\$aHI2006.112_01$2nyu-hidvl
=040  \\$aNNU$cNNU$eamim
=043  \\$an-us-ny$an-us---
=245  00$aHome * land * security$h[videorecording].
=246  3\$aHome land security
=246  3\$aHomeland security
=260  \\$c2003 June 14.
=300  \\$3master.$a1 videocassette of 1 (Digital Betacam) (81 min.) :$bsd., col. ;$c1/2 in.
=300  \\$3viewing copy.$a1 videodisc of 1 (DVD) (81 min.) :$bsd., col. ;$c4 3/4 in.
=490  1\$aCircus Amok collection
=530  \\$aAlso available online as streaming video.
=500  \\$aTitle supplied by Hemispheric Institute.
=500  \\$aPart of the Hemispheric Institute Digital Video Library.
=534  \\$pMedia source original:$e1 videocassette of 1 (VHS) : sd., col. ; 1/2 in. SP.$mSony T-120.
=518  \\$aPerformed on Coney Island, New York City, on June 14, 2003.
=508  \\$aCircus Amok, producer ; conceived and directed by Jennifer Miller ; Jenny Romaine, musical director ; Terry Dame, composer-in-residence ; Mady Shutzman, Noelle Kalom, Jenny Romaine, Chris Wells, writers ; Henry Mancini, Bernard Herman, Delight, additional music ; Lisa Frisari, midway organizer ; Sir Becca Blackwell, tech director/truck driver ; Jonathan Berger, Wave, Maggie Neuwald, Dana Croteau, Darolyn Robertson, Scott Heron, Alessandra Nichols, sets, props, and costumes ; Julian Hintz, musical transcriptions.
=511  1\$aJennifer Miller, Jonathan Berger, Ashley Brockington, Noelle Kalom, Michelle Matlock, Fabio Tavares, Osmani Telles, Jenny Romaine (musician), Terry Dame (musician), Mona Seda (musician), Ben Meyers (musician), Mary Feaster (musician), Lisa Frisari (musician) ; Casey Edwards, Cypress, Barb Monoian, roustabouts.
=520  \\$aVideo documentation of Circus Amok's show 'Home * Land * Security', performed at Coney Island in NYC in 2003. The piece ponders the political agendas of the U.S. Dept. of Homeland Security, created in response to the terrorist attacks of September 11, 2001, and a key government department linked to the 'War on Terror'. The performance discusses issues of selective profiling, surveillance, threats to citizenship, and other breaches of privacy in the public and privates spheres of civil society, enacted by the government in the name of 'patriotism' and 'security'. The troupe renders a satirical take on military euphemisms (by the Dame Divas of Military Deconstruction), as well as on the presidency of George W. Bush (through the sing-along picture Ballad of Georgio Bushwack), while advocating for civic critical thinking and a collective demand for a broader sense of security - food, shelter, health care, good art - in a joyful extravaganza of acrobatic artistry, satiric skill, and good old-fashioned circus fun. Circus Amok (www.circusamok.org) is a New York City based circus-theater company whose mission is to provide free public art addressing contemporary issues of social justice to the people of New York City. Directed and founded by Jennifer Miller, the group has been together since 1989 bringing its funny, queer, caustic and sexy, political one-ring spectacles to diverse neighborhoods throughout the city. Over the years the traditional circus skills - tight rope walking, juggling, acrobatics, stilt walking, clowning - have been combined with experimental dance, lifesize puppetry, music old and new, and gender-bending performance art and improvisational techniques, creating new meanings for circus while continuing to entertain the crowds of all ages throughout the city streets, gardens, parks, and playgrounds, inviting the audience to join them in envisioning a more empowered life of community interaction while enjoying a queer celebratory spectacle.
=540  \\$aThere are copyright restrictions on this collection. For more information, go to the online version of this video.
=650  \0$aCircus$zNew York (State)$zNew York.
=650  \0$aStreet theater$zNew York (State)$zNew York.
=650  \0$aGay theater$zNew York (State)$zNew York.
=650  \0$aSocial justice$zNew York (State)$zNew York.
=650  \0$aNational security$zUnited States.
=653  \\$aPolitical performance
=653  \\$aQueer performance
=655  \7$aPerformance.$2nyu-hidvl
=655  \7$aTheater.$2nyu-hidvl
=655  \7$aCircus.$2nyu-hidvl
=655  \7$aPolitical performance.$2nyu-hidvl
=655  \7$aQueer performance.$2nyu-hidvl
=700  1\$aMiller, Jennifer,$d1961-$4cre$4drt$4prf
=700  1\$aRomaine, Jenny.$4mus$4drt
=700  1\$aDame, Terry.$4cmp$4mus
=710  2\$aCircus Amok.$4pro
=710  2\$aHemispheric Institute Digital Video Library.
=830  \0$aCircus Amok collection.
=856  40$uhttp://hdl.handle.net/2333.1/f7m0cg61

