=LDR  03557cgm a22006015a 4500
=001  001008367
=003  NNU
=004  NYUb12824725
=005  20090409165427.0
=006  m\\\\\\\\z\\\\\\\\
=007  vd|cvaizu
=007  vf|ciahou
=007  vd|cv\hou
=007  cr\|||||||||||
=008  040128e200307uunyu060\\\\\\\\\\\\vlspa\d
=024  7\$aHI2003_004_01$2nyu-hidvl
=024  7\$aHI2003.004_01$2nyu-hidvl
=035  \\$a(NYU)NYUb12824725
=040  \\$aNNU$cNNU$eamim
=041  0\$aspa
=043  \\$acl-----
=245  00$aCarlos Monsiváis keynote address$h[videorecording] :$bel performance como religión, la religión como performance.
=246  30$aPerformance como religión, la religión como performance
=246  31$aPerformance as religion, religion as performance
=260  \\$c2003 July.
=300  \\$3viewing copy.$a1 videodisc of 1 (DVD) (60 min.) :$bsd., col. ;$c4 3/4 in.
=300  \\$3master.$a1 videocassette of 1 (Digital Betacam) (60 min.) :$bsd., col. ;$c1/2 in.
=518  \\$aDelivered as part of the Spectacles of Religiosities Seminar, Hemispheric Institute of Performance and Politics, New York University, July 5-12, 2003.
=546  \\$aIn Spanish.
=500  \\$aTitle supplied by Hemispheric Institute.
=500  \\$aPart of the Hemispheric Institute Digital Video Library.
=508  \\$aCarlos Monsiváis, creator, writer ; Hemispheric Institute of Performance and Politics, producer, commissioner ; NYU TV and Media, videographer.
=511  0\$aCarlos Monsiváis, keynote speaker ; Lourdes Arizpe, introduction.
=530  \\$aAlso available online as streaming video.
=534  \\$pMedia source original:$e1 videocassette of 1 (Mini DV) : digital sd., col. ; 1/4 in.
=520  \\$aVideo documentation of Carlos Monsiváis' keynote address presented as a part of the 4th Encuentro of the Hemispheric Institute of Performance and Politics, celebrated in July of 2003 in New York City, United States under the title 'Spectacles of Religiosities'. Introduction by Lourdes Arizpe. Carlos Monsiváis is a prominent essayist, satirist, and novelist living in Mexico City. Mr. Monsiváis has contributed to Mexican journals such as, Excelsior, Siempre, and Nexos and he currently writes for La Jornada as well as El Financiero. He is the author of more than a dozen books in Spanish, both fiction and nonfiction, including 'Amor Perdido', 'Días de Guardar', 'A Ustedes les Consta', 'Nuevo Catecismo Para Indios Remisos', and 'Escenas de Pudor y Liviandad'. 'Mexican Postcards' is the title of a volume of his essays in English.
=540  \\$aThere are copyright restrictions on this collection. For more information, go to the online version of this video.
=650  \0$aArts and religion.
=650  \0$aPerforming arts$xReligious aspects.
=653  \\$aPerformance as religion
=653  \\$aReligion as performance
=655  \7$aKeynote address.$2nyu-hidvl
=700  1\$aMonsiváis, Carlos,$d1938-$4cre$4aut$4spk
=700  1\$aArizpe S., Lourdes.$4aui
=710  2\$aHemispheric Institute of Performance and Politics.$4pro$4fnd
=710  2\$aNYU-TV (Television station : New York, N.Y.)$4vdg
=710  2\$aHemispheric Institute Digital Video Library.
=711  2\$aHemispheric Institute Encuentro$n(4th :$d2003 :$cNew York, N.Y.).$tSpectacles of religiosities.
=856  40$uhttp://hdl.handle.net/2333.1/1vhhmgsx

