=LDR  04897cgm a22006495a 4500
=001  000511018
=003  NNU
=004  NYUb13499379
=005  20080408151503.0
=006  m\\\\\\\\z\\\\\\\\
=007  vd\cvaizu
=007  vf\ciahou
=007  cr\cna
=007  cr\|||||||||||
=008  070522e20030410at\040\\\\\\\\\\\\vlspa\d
=024  7\$aHI2006_115_01$2nyu-hidvl
=024  7\$aHI2006.115_01$2nyu-hidvl
=040  \\$aNNU$cNNU$eamim
=041  0\$aspa
=043  \\$as-ck---
=245  04$aLos perfiles de la espera [2003 version]$h[videorecording] =$bThe profiles of waiting.
=246  31$aProfiles of waiting [2003 version]
=260  \\$c2003 Apr. 10.
=300  \\$3master.$a1 videocassette of 1 (Digital Betacam) (40 min.) :$bsd., col. ;$c1/2 in.
=300  \\$3viewing copy.$a1 videodisc of 1 (DVD) (40 min.) :$bsd., col. ;$c4 3/4 in.
=490  1\$aDramaturgia de género : Teatro La Máscara collection
=530  \\$aAlso available online as streaming video.
=546  \\$aIn Spanish.
=500  \\$aTitle supplied by Hemispheric Institute.
=500  \\$aPart of the Hemispheric Institute Digital Video Library.
=534  \\$pMedia source original:$e1 videocassette of 1 (VHS) : sd., col. ; 1/2 in. SP.$mSony T-120.
=518  \\$aPerformed at the Powerhouse Theatre, Visytheatre Brisbane Powerhouse, Australia, on Apr. 10, 2003, for the Teatro La Máscara, Magdalena Women's Festival (Australia 2003). First version opened in Cali, Colombia in 1998.
=508  \\$aTeatro La Máscara, producer, collective creation ; Wilson Pico, director ; Jorge Luis Borges, Eduardo Galeano, Myo Vestrini, Mercé Rodoreda, testimonies by relatives of 'desaparecidos', texts ; Lucy Bolaños, La Máscara, props and costumes, set design ; Mauricio Holguín, lighting design ; Diego Luzuriaga, Mac Ferryn, Don Cherry, music.
=511  1\$aLucy Bolaños (protagonist).
=520  \\$aOriginally conceived in 1998 for two actresses, and later a one-woman show (its final version, here shown), the piece is centered on the labor of waiting. The character represents the many women, at home or in their workplaces, who are living the anguish of waiting for their disappeared family members. We see the woman in her private space, as she performs mundane tasks; as the character attempts to stay engrossed in her housework, traumatic memories of violent events - recorded in her body - are repeated time and again. Lodged in her body, the scars of violence, death, and terror inevitably puncture every gesture, every task. When the character does speak, it is a fragmented collage of commonplace phrases mixed with texts from Rodoreda, Galeano, Borges, Vestrini, and actual testimonies from the families of the disappeared. The actions of the character rise above the silence and make us witnesses of a world plagued by fear, where hope and courage are the unique materials of survival. Teatro La Máscara is the oldest feminist, all-women's theater in Colombia. Founded in 1972 in Cali, La Máscara was a political theater initially comprised of male and female actors; by the early 1980s, when only the women wanted to continue the theatrical trajectory of the group, Lucy Bolaños decided to make it a women's ensemble fully dedicated to a feminine dramaturgy on gender issues. Committed to feminism and social change, they have stayed true to this mission, despite the many social and economic pressures they've had to endure in an environment plagued by violence and machismo, which constantly seeks to 'invisibilize' their work; La Máscara is not only creating and staging plays, but also working with marginalized communities, actively participating in political protests and demonstrations, and being involved in the organization of theater festivals. Through their work, they keep re-thinking women's role in the construction of a peaceful Colombia.
=540  \\$aThere are copyright restrictions on this collection. For more information, go to the online version of this video.
=610  20$aMagdalena Project.
=650  \0$aFeminist theater$zColombia.
=650  \0$aTheater$zColombia.
=650  \0$aDisappeared persons.
=653  \\$aCreación colectiva
=655  \7$aPerformance.$2aat
=655  \7$aTheater.$2aat
=655  \7$aFeminist theater.$2nyu-hidvl
=655  \7$aOne-woman show.$2nyu-hidvl
=655  \7$aCollective creation.$2nyu-hidvl
=700  1\$aPico, Wilson.$4drt
=700  1\$aBolaños, Lucy.$4prf
=710  2\$aTeatro La Máscara (Cali, Colombia)$4pro
=710  2\$aHemispheric Institute Digital Video Library.
=830  \0$aDramaturgia de género : Teatro La Máscara collection
=856  40$uhttp://hdl.handle.net/2333.1/1zcrjdp6

