=LDR  04866cgm a22006615a 4500
=001  000511064
=003  NNU
=004  NYUb13499426
=005  20080306134729.0
=006  m\\\\\\\\z\\\\\\\\
=007  vd\cvaizu
=007  vf\ciahou
=007  cr\cna
=007  cr\|||||||||||
=008  070522e20030416at\089\\\\\\\\\\\\vlspa\d
=024  7\$aHI2006_116_01$2nyu-hidvl
=024  7\$aHI2006.116_01$2nyu-hidvl
=040  \\$aNNU$cNNU$eamim
=041  0\$aspa
=043  \\$as-ck---
=245  00$aCasa matriz$h[videorecording].
=246  31$aDial-a-mom
=260  \\$c2003 Apr. 16.
=300  \\$3master.$a1 videocassette of 1 (Digital Betacam) (89 min.) :$bsd., col. ;$c1/2 in.
=300  \\$3viewing copy.$a1 videodisc of 1 (DVD) (89 min.) :$bsd., col. ;$c4 3/4 in.
=490  1\$aDramaturgia de género : Teatro La Máscara collection
=530  \\$aAlso available online as streaming video.
=546  \\$aIn Spanish.
=500  \\$aTitle supplied by Hemispheric Institute.
=500  \\$aPart of the Hemispheric Institute Digital Video Library.
=534  \\$pMedia source original:$e1 videocassette of 1 (VHS) : sd., col. ; 1/2 in. SP.$mSony T-120.
=518  \\$aPerformed at the Powerhouse Theatre, Visytheatre Brisbane Powerhouse, Australia, on Apr. 16, 2003, for the Teatro La Máscara, Magdalena Women's Festival (Australia 2003).
=508  \\$aTeatro La Máscara, producer ; Diana Raznovich, writer ; Diego Vélez, director ; Sergio Gómez, assistant director, choreography and props ; Carlos Posso, set design ; Hernán Darío Correa, set/lighting design, graphic design ; Robinson Achinte, lighting design, technician ; Juan Carlos Murcia, Takeshima, sound recording ; Mónica Herrán, Carlos Arias, photography ; Gustavo Vivas, music.
=511  1\$aLucy Bolaños (protagonist), Susana Uribe (protagonist).
=520  \\$aTeatro La Máscara is the oldest - and one of the only - feminist, all-women's theater in Colombia. Founded in 1972 in Cali, La Máscara was a political theater initially comprised of male as well as female actors; by the early 1980s, when only the women stayed and wanted to continue the theatrical trajectory of the group, Lucy Bolaños decided to make La Máscara a women's ensemble fully dedicated to a feminine dramaturgy on gender issues. Committed to feminism and social change, they have stayed true to this mission, despite the many social and economic pressures they've had to endure in an environment plagued by violence and machismo, which constantly seeks to 'invisibilize' their work. Because of their fruitful stubbornness, La Máscara is not only creating and staging plays, but also working with marginalized communities, actively participating in political protests and demonstrations, and being involved in the organization of theater festivals. Through their work, they keep re-thinking women's role in the construction of a peaceful Colombia. 'Casa Matriz', a one-act play for two actresses written by Argentine playwright and cartoonist Diana Raznovich, is the story of a search for the perfect mother. Bárbara is turning 30, and as a (very expensive) gift to herself, she decides to hire a 'substitute mother' from a very unique agency, Casa Matriz. This agency - a bizarre mothering equivalent of an escort service - specializes in delivering fully customized mothers-for-a-day to their clients, who shape their ideal matriarch by filling out a form detailing their every emotional need, all the desired characteristics, and the perfect scenario. Using the technique of 'theatre inside of theatre', this comedy provokes laughter and the immediate reflection of the emotional relations between mothers and daughters. It investigates interpersonal communications of everyday people, and critiques the problematic system of family structure.
=540  \\$aThere are copyright restrictions on this collection. For more information, go to the online version of this video.
=610  20$aMagdalena Project.
=650  \0$aFeminist theater$zColombia.
=650  \0$aTheater$zColombia.
=650  \0$aMothers.
=650  \0$aMothers and daughters.
=655  \7$aPerformance.$2nyu-hidvl
=655  \7$aTheater.$2nyu-hidvl
=655  \7$aFeminist theater.$2nyu-hidvl
=700  1\$aRaznovich, Diana.$4aut
=700  1\$aVélez, Diego.$4drt
=700  1\$aGómez, Sergio.$4drt
=700  1\$aBolaños, Lucy.$4prf
=700  1\$aUribe, Susana.$4prf
=710  2\$aTeatro La Máscara (Cali, Colombia)$4pro
=710  2\$aHemispheric Institute Digital Video Library.
=830  \0$aDramaturgia de género : Teatro La Máscara collection
=856  40$uhttp://hdl.handle.net/2333.1/x95x6b0w

