=LDR  06295cgm a22007695a 4500
=001  000982274
=003  NNU
=004  NYUb12796893
=005  20090409165436.0
=006  m\\\\\\\\z\\\\\\\\
=007  vd|cvaizu
=007  vf|ciahou
=007  cr\|||||||||||
=007  vd|cz\hou
=008  031017e200307uunyu180\\\\\\\\\\\\vleng\d
=024  7\$aHI2003_014_01$2nyu-hidvl
=024  7\$aHI2003_015_01$2nyu-hidvl
=024  7\$aHI2003_016_01$2nyu-hidvl
=024  7\$aHI2003.014_01$2nyu-hidvl
=040  \\$aNNU$cNNU$eamim
=043  \\$acl-----$acc-----
=245  00$aManifestations of the divine$h[videorecording] :$bthe body.
=246  31$aManifestaciones de lo divino :$bel cuerpo
=246  3\$aJoseph Roach, Liza McAlister, Luis Millones & C. Daniel Dawson :$bManifestations of the divine : the body (academic seminar)
=260  \\$c2003 July.
=300  \\$3viewing copy.$a3 videodiscs of 3 (DVD) (180 min.) :$bsd., col. ;$c4 3/4 in.
=300  \\$3master.$a3 videocassettes of 3 (Digital Betacam) (180 min.) :$bsd., col. ;$c1/2 in.
=500  \\$aTitle supplied by Hemispheric Institute.
=500  \\$aPart of the Hemispheric Institute Digital Video Library.
=534  \\$pMedia source original:$e3 videocassettes of 3 (Mini DV) : digital sd., col. ; 1/4 in.$mPanasonic MiniDV.
=518  \\$aPart of the Spectacles of Religiosities Seminar, Hemispheric Institute of Performance and Politics, New York University, July 5-12, 2003.
=508  \\$aHemispheric Institute of Performance and Politics, producer ; Joseph Roach, Liza McAllister, Luis Millones, C. Daniel Dawson, creators ; NYU TV and Media, videographer.
=511  0\$aJoseph Roach, Liza McAllister, Luis Millones, C. Daniel Dawson, speakers ; Gisela Cánepa Koch, introduction, moderator.
=530  \\$aAlso available online as streaming video.
=520  \\$aVideo documentation of the 'Manifestations of the Divine: The Body' mini-seminar, presented as a part of the 4th Encuentro of the Hemispheric Institute of Performance and Politics, celebrated in July of 2003 in New York City, United States under the title 'Spectacles of Religiosities'. Moderated by Gisela Cánepa Koch. Joseph Roach is the Charles C. and Dorathea S. Dilley Professor of Theater and English at Yale University. Roach has chaired the Department of Performing Arts at Washington University in St. Louis, the Interdisciplinary PhD in Theatre at Northwestern University, and the Department of Performance Studies at NYU. His books and articles include 'Cities of the Dead: Circum-Atlantic Performance' (Columbia, 1996), which won the James Russell Lowell Prize from MLA and the Calloway Prize from NYU, 'The Player's Passion: Studies in the Science of Acting' (Michigan, 1993), which won the Barnard Hewitt Award in Theatre History, and essays in Theatre Journal, Theatre Survey, The Drama Review, Theatre History Studies, Discourse, Theater, Text and Performance Quarterly, and others. Paper title: 'Ghost Notes: Jazz Divinity'. Elizabeth McAlister is Assistant Professor of Religion and Latin American Studies at Wesleyan University. Her research focuses on Afro-Haitian religious culture and transnational migration. She is the author of 'Rara! Vodou, Power and Performance in Haiti and its Diaspora'. She produced the audio CD called 'Rhythms of Rapture: Sacred Musics of Haitian Vodou' on Smithsonian Folkways. Paper title: 'Zonbi spirits and zombified bodies in Haitian Rara and Vodou arts'. Luis Millones is Professor Emeritus of Universidad Nacional San Cristóbal de Huamanga (Ayacucho, Peru) and Professor of the Literature Doctorate program of the Universidad Nacional Mayor de San Marcos. He has been Visiting Professor at the University of Texas, Austin, Stanford, Harvard and Princeton. He has published several works on Andean religions and ethnicity. He is the author of 'Dioses Familiares: Festivales Populares en el Perú Contemporáneo' ('Familiar Gods: Popular Festival in Contemporary Peru'); 'Perú: el Legado de la Historia' ('Peru: the Legacy of History') and 'Dioses y Demonios del Cuzco' ('Gods and Devils of Cuzco'). Paper Title: 'Hechizos de Amor: Magia y Poder en la Costa Norte del Perú'. C. Daniel Dawson has worked as a photographer, filmmaker, curator, arts administrator, consultant and scholar. He has served as Curator of Photography, Film and Video at the Studio Museum in Harlem (NYC), Director of Special Projects at the Caribbean Cultural Center (NYC) and Curatorial Consultant and Director of Education at the Museum for African Art (NYC). As a photographer, he has shown in over 25 exhibitions. Prof. Dawson has also been associated with many prize-winning films including 'Head and Heart' by James Mannas and 'Capoeiras of Brazil' by Warrington Hudlin. Paper title: 'The Universe in a Pot: Palo Mayombe in Cuba'.
=540  \\$aThere are copyright restrictions on this collection. For more information, go to the online version of this video.
=650  \0$aRites and ceremonies$zLatin America.
=650  \0$aPerforming arts$zLatin America.
=651  \0$aCaribbean Area$xSocial life and customs.
=650  \0$aOccultism.
=650  \0$aSanteria.
=653  \\$aRitual performance
=653  \\$aCultural performance
=653  \\$aCarnival
=653  \\$aZonbi
=653  \\$aPalo Mayombe
=655  \7$aAcademic seminar.$2nyu-hidvl
=700  1\$aRoach, Joseph R.,$d1947-$4cre$4spk
=700  1\$aMcAlister, Liza.$4cre$4spk
=700  1\$aMillones, Luis.$4cre$4spk
=700  1\$aDawson, Daniel.$4cre$4spk
=700  1\$aCánepa Koch, Gisela,$d1964-$4aui$4mod
=710  2\$aHemispheric Institute of Performance and Politics.$4pro
=710  2\$aNYU-TV (Television station : New York, N.Y.)$4vdg
=710  2\$aHemispheric Institute Digital Video Library.
=711  2\$aHemispheric Institute Encuentro$n(4th :$d2003 :$cNew York, N.Y.).$tSpectacles of religiosities.
=856  40$uhttp://hdl.handle.net/2333.1/b8gthtbm
=853  00$81$apt.
=863  50$81.1$a1$p31142040272463
=863  50$81.2$a2$p31142040272471
=863  50$81.3$a3$p31142040272489
=954  \\$81$aVolumes

