=LDR  06246cgm a2200685 a 4500
=001  000065997
=003  NNU
=004  NYUb13034205
=005  20100805120051.0
=006  m\\\\\\\\z\\\\\\\\
=007  vd\cvaizu
=007  vf\ciahou
=007  cr\|||||||||||
=007  vd
=008  050512e200301uumx\077\\\\\\\\\\\\vlspa\d
=024  7\$aHI2004_052_01$2nyu-hidvl
=024  7\$aHI2004_053_01$2nyu-hidvl
=024  7\$aHI2004.052_01$2nyu-hidvl
=035  \\$a(NYU)NYUb13034205
=040  \\$aNNU$cNNU$eamim
=041  0\$aspa
=043  \\$an-mx---$acl-----
=079  \\$a(OCoLC)82424517
=245  00$aTrucho$h[videorecording].
=260  \\$c2003 Jan.
=300  \\$3viewing copy.$a2 videodiscs of 2 (DVD) (77 min.) :$bsd., col. ;$c4 3/4 in.
=300  \\$3master.$a2 videocassettes of 2 (Digital Betacam) (77 min.) :$bsd., col. ;$c1/2 in.
=490  1\$aEl Hábito collection
=530  \\$aAlso available online as streaming video.
=546  \\$aIn Spanish.
=500  \\$aTitle supplied by Hemispheric Institute.
=500  \\$aPart of the Hemispheric Institute Digital Video Library.
=534  \\$pMedia source original:$e2 videocassettes of 2 (Mini DV) : sd., col. ; 1/4 in.$mSony DVM 60 and Fuji T60.
=518  \\$aPerformed at Teatro Bar El Hábito, Mexico City, Mexico, in Jan. 2003.
=508  \\$aJesusa Rodríguez, producer, director ; Liliana Felipe, producer, director, music director.
=511  0\$aLiliana Felipe, protagonist, singer ; Jesusa Rodríguez, guest singer.
=520  \\$aConcert by Liliana Felipe, presenting the release of her album Trucho. 'Trucho,' an Argentinean adjective meaning 'pirate,' 'illegal,' 'precarious,' 'devalued' or 'false,' encapsulates Felipe's critique on current hemispheric sociopolitical issues, while dedicating her songs to the 'nobodies' (the dispossessed, the disempowered) of Latin America. Songs like 'Como Madame Bovary,' 'Pobre gente,' 'Soñé,' 'La extranjera,' 'Si por el vicio,' 'Tertuliano,' 'Memoria Mnemosina,' 'No te lo puedo decir,' 'Las histéricas' and 'Tienes que decidir,' among others, are performed and commented by Felipe; the encore features Jesusa Rodríguez singing with Felipe a theatrical and comical version of a traditional Mexican huapango. The singers play with diverse vocal registers along with the syllables that form the name of the volcano Popocatepetl, putting the revered song on its head. The couple then sings 'Mujeres del campo,' a hymn composed for a series of workshops conducted with indigenous Mexican peasant women in the summer of 2002. Felipe ends the concert with the tango 'Lo que vos te merecés' by request of her audience, which that night included writer Elena Poniatowska, publicist Berta 'la Chaneca' Maldonado, curator Montserrat Pecanins, actress Ofelia Medina, and deputy Beatriz Paredes, among other renown intellectual, artistic and political figures of current Mexico City public sphere. Mexican director, actress, playwright, performance artist, scenographer, entrepreneur, and social activist Jesusa Rodríguez has been called the most important woman of Mexico. Often referred to as a 'chameleon,' Rodríguez moves seemingly effortlessly and with vigor across the spectrum of cultural forms, styles, and tones. Her 'espectáculos' (as both spectacles and shows) challenge traditional classification, crossing with ease generic boundaries: from elite to popular to mass, from Greek tragedy to cabaret, from pre-Columbian indigenous to opera, from revue, sketch and 'carpa,' to performative acts within political projects. Humor, satire, linguistic play, and the body are constants in her productions. She seeks to render corporal and, thus, visible, the tensions between the discourses in operation on and through the individual and collective body. Rodriguez's energy is intense and her commitment non-negotiable, always interrogating the nature, site, and consequences of power and its representation. Liliana Felipe, one of Latin America's foremost singers and composers, was born in Argentina in the 1950s. She left for Mexico just before the outbreak of the 'Dirty War' (1976), but her sister and brother-in-law were both 'disappeared'--victims of the military dictatorship's criminal politics. Liliana's music has a wide following in Latin America. She continues to be a powerful presence in Argentina, working with human rights organizations--especially H.I.J.O.S. (the organization of the children of the disappeared). In Mexico, Liliana went to one of Jesusa Rodríguez's performances. Jesusa, catching a glimpse of Felipe in the audience, remembers saying to herself: 'I am going to die with that woman.' Since then, Liliana and Jesusa have created two performance spaces, El Cuervo and later El Hábito in Coyoacán, Mexico City, that they still run. They 'married' in February 2000. El Hábito (www.elhabito.com.mx) is a hotbed for intellectuals, feminists, gay rights activists and open-minded, progressive people who want to be engaged by a smart and critical humor. In this off-off space, and with the collaboration of their theater cooperative Las Divas, Jesusa y Liliana have produced hundreds of shows since the 1980s.
=540  \\$aThere are copyright restrictions on this collection. For more information, go to the online version of this video.
=650  \0$aWomen singers$zMexico.
=650  \0$aMusic$zMexico.
=651  \0$aLatin America$xSocial conditions.
=653  \\$aWomen singer-songwriters
=655  \7$aPerformance.$2nyu-hidvl
=655  \7$aConcert.$2nyu-hidvl
=655  \7$aCabaret.$2nyu-hidvl
=655  \7$aPolitical performance.$2nyu-hidvl
=655  \7$aFeminist performance.$2nyu-hidvl
=700  1\$aRodríguez, Jesusa.$4pro$4drt$4sng
=700  1\$aFelipe, Liliana.$4pro$4drt$4prf$4sng
=710  2\$aHemispheric Institute Digital Video Library.
=830  \0$aJesusa Rodríguez & Liliana Felipe : El Hábito collection.
=856  40$uhttp://hdl.handle.net/2333.1/gqnk98xz
=853  00$81$apt.
=863  50$81.1$a1$p31142042823867
=863  50$81.2$a2$p31142042823875
=954  \\$81$aVolumes

