=LDR  06131cgm  2200745 a 4500
=001  000066021
=003  NNU
=004  NYUb13034230
=005  20080128140800.0
=006  m\\\\\\\\z\\\\\\\\
=007  vd\cvaizu
=007  vf\ciahou
=007  cr\|||||||||||
=007  vd
=008  050512e20030303mx\059\\\\\\\\\\\\vlspa\d
=024  7\$aHI2004_054_01$2nyu-hidvl
=024  7\$aHI2004.054_01$2nyu-hidvl
=035  \\$a(NYU)NYUb13034230
=040  \\$aNNU$cNNU$eamim
=041  0\$aspa
=043  \\$an-mx---
=079  \\$a(OCoLC)60410641
=245  00$aLysistrata$h[videorecording].
=246  3\$aLysistrata (reading)
=260  \\$c2003 Mar. 3.
=300  \\$3viewing copy.$a1 videodisc of 1 (DVD) (59 min.) :$bsd., col. ;$c4 3/4 in.
=300  \\$3master.$a1 videocassette of 1 (Digital Betacam) (59 min.) :$bsd., col. ;$c1/2 in.
=490  1\$aEl Hábito collection
=530  \\$aAlso available online as streaming video.
=546  \\$aIn Spanish.
=500  \\$aTitle supplied by Hemispheric Institute.
=500  \\$aPart of the Hemispheric Institute Digital Video Library.
=534  \\$pMedia source original:$e1 videocassette of 1 (Mini DV) : sd., col. ; 1/4 in.$mSony DVM60.
=518  \\$aPerformed at Plaza Coyoacán, Mexico City, Mexico, on Mar. 3, 2003.
=508  \\$aJesusa Rodríguez, producer, director ; Liliana Felipe, producer ; Aristophanes, writer ; Gonzalo Rocha, scenographer.
=511  1\$aJesusa Rodríguez, Sasha Sökol, Tito Vasconcelos, Marisol Gasé, Nora Huertas, Margarita Isabel, Angélica Aragón, Alejandro Calva, Julieta Egurrola, Boris Schoeman.
=520  \\$aReading of Aristophanes' anti-war comedy 'Lysistrata,' directed in Mexico City by Jesusa Rodríguez and performed by an array of renown artistic and intellectual figures of current Mexican cultural sphere. This event is celebrated in the context of the Lysistrata Project ('The First-Ever Worldwide Theatrical Act Of Dissent') through which on Monday, March 3rd, 2003 (03/03/03), fifty-nine countries hosted 1,029 readings 'to protest the Bush Administration's unilateral war on Iraq' (www.lysistrataproject.com). After the reading, a public forum was celebrated, making an open call to join pacifist/activist efforts to come up with proposals for the denunciation of 'Mexico's national war': the political issue of the murders in Ciudad Juárez. Also, a call was made to boycott American products for two months as a way of protesting the war on Iraq, while demanding, as citizens, a firm repudiation of the war by Mexican President Vicente Fox. Mexican director, actress, playwright, performance artist, scenographer, entrepreneur, and social activist Jesusa Rodríguez has been called the most important woman of Mexico. Often referred to as a 'chameleon,' Rodríguez moves seemingly effortlessly and with vigor across the spectrum of cultural forms, styles, and tones. Her 'espectáculos' (as both spectacles and shows) challenge traditional classification, crossing with ease generic boundaries: from elite to popular to mass, from Greek tragedy to cabaret, from pre-Columbian indigenous to opera, from revue, sketch and 'carpa,' to performative acts within political projects. Humor, satire, linguistic play, and the body are constants in her productions. She seeks to render corporal and, thus, visible, the tensions between the discourses in operation on and through the individual and collective body. Rodriguez's energy is intense and her commitment non-negotiable, always interrogating the nature, site, and consequences of power and its representation. Liliana Felipe, one of Latin America's foremost singers and composers, was born in Argentina in the 1950s. She left for Mexico just before the outbreak of the 'Dirty War' (1976), but her sister and brother-in-law were both 'disappeared'--victims of the military dictatorship's criminal politics. Liliana's music has a wide following in Latin America. She continues to be a powerful presence in Argentina, working with human rights organizations--especially H.I.J.O.S. (the organization of the children of the disappeared). In Mexico, Liliana went to one of Jesusa Rodríguez's performances. Jesusa, catching a glimpse of Felipe in the audience, remembers saying to herself: 'I am going to die with that woman.' Since then, Liliana and Jesusa have created two performance spaces, El Cuervo and later El Hábito in Coyoacán, Mexico City, that they still run. They 'married' in February 2000. El Hábito (www.elhabito.com.mx) is a hotbed for intellectuals, feminists, gay rights activists and open-minded, progressive people who want to be engaged by a smart and critical humor. In this off-off space, and with the collaboration of their theater cooperative Las Divas, Jesusa y Liliana have produced hundreds of shows since the 1980s.
=540  \\$aThere are copyright restrictions on this collection. For more information, go to the online version of this video.
=600  00$aAristophanes.$tLysistrata.
=650  \0$aIraq War, 2003-2011$xProtest movements.
=655  \7$aTheater.$2nyu-hidvl
=655  \7$aReading.$2nyu-hidvl
=655  \7$aStreet theater.$2nyu-hidvl
=655  \7$aPolitical theater.$2nyu-hidvl
=655  \7$aPolitical performance.$2nyu-hidvl
=700  1\$aRodríguez, Jesusa.$4pro$4drt$4prf
=700  1\$aFelipe, Liliana.$4pro
=700  1\$aRocha, Gonzalo.$4sce
=700  1\$aSokol, Sasha.$4prf
=700  1\$aVasconcelos, Tito.$4prf
=700  1\$aGasé, Marisol.$4prf
=700  1\$aHuertas, Nora.$4prf
=700  1\$aIsabel, Margarita.$4prf
=700  1\$aAragón, Angélica,$d1953-$4prf
=700  1\$aCalva, Alejandro.$4prf
=700  1\$aEgurrola, Julieta.$4prf
=700  1\$aSchoeman, Boris.$4prf
=700  0\$aAristophanes.$tLysistrata.
=710  2\$aHemispheric Institute Digital Video Library.
=830  \0$aJesusa Rodríguez & Liliana Felipe : El Hábito collection.
=856  40$uhttp://hdl.handle.net/2333.1/bzkh18dt

