=LDR  03689ngm a2200505   4500
=001  004163163
=005  20150728130528.0
=006  m\\\\\\\\c\\\\\\\\
=007  cr\cna|||m|||a
=007  cr\|||||||||||
=008  150728e20030621mau084\\\\\\\\s\\\vleng\d
=024  7\$aHI2013_060_01$2nyu-hidvl
=040  \\$aNNU$beng$cNNU
=041  0\$aeng$aspa
=245  00$aEye witness blues$h[videorecording] /$cMildred Ruiz and Steven Sapp, writers; Talvin Wilks, director and dramaturg.
=246  3\$aEyewitness blues
=246  3\$aBlue suite
=260  \\$c2003 June 21.
=300  \\$3viewing copy.$astreaming video (84 min.) :$bsd., col.
=490  1\$aUNIVERSES Collection.
=546  \\$aIn English and Spanish.
=500  \\$aPart of the Hemispheric Institute Digital Video Library.
=500  \\$aTitle supplied by the Hemispheric Institute.
=508  \\$aCarlos Pimentel and Paul Thompson, music designers; Mildred Ruiz and Steven Sapp, choreographers.
=511  1\$aMildred Ruiz, Steven Sapp, Carlos Pimentel, and Paul Thompson, performers.
=518  \\$aPerformed in Amherst, Massachusetts, on June 21, 2003.
=520  \\$aThis is a video documentation of Open Studio, a space that showcased different work in progress processes. In this rehearsal exploration, the topic of artistic creation’s crisis transverses the stage. ‘Blue Suite’ (aka ‘Eyewitness Blues’) is an affecting portrait of artists and the vibrant culture, traditions, and personal experience they bring to their work. When Junior, a hard-luck horn player prepares to play his instrument, his Duende appears and suddenly his life unfolds in a series of provocative vignettes told through a stirring mix of jazz, flamenco, blues and poetry. Led by his Duende, Junior is forced to confront his own mystery. Here, they battle to the death as Jazz idly argues its own existence. Utilizing Lorca’s Flamenco Duende and summoning Miles Davis’ ‘Sketches of Spain,’ ‘Blue Suite’ takes us on an internal journey, where art lays at the balance as passion fades. This video documentation also features a Q&A with the audience.
=520  \\$aUniverses is a New York-based poetic theatre ensemble company of multi-disciplinary writers and performers who fuse poetry, theater, jazz, hip-hop, politics, down home blues, and Hispanic boleros to create moving, challenging and entertaining theatrical works. The group breaks traditional theatrical bounds to explore new ways of making theater. Founded in New York in 1996, the members of Universes came together in the urban poetry scene of the late 1990s. Through sessions at the New York Theatre Workshop and residencies with New WORLD Theater, their work is now internationally acclaimed. They have performed at venues throughout the United States and toured extensively world-wide.
=534  \\$pMedia source original:$e1 videocassette (VHS) : sd., col. ; 1/2 in. SP.$m2J291538A T-120 GX.
=540  \\$aThere are copyright restrictions on this collection. For more information, go to the online version of this video.
=650  \0$aSelf-perception in art.
=650  \0$aInfluence (Literary, artistic, etc.)
=650  \0$aTheater$xPolitical aspects
=650  \0$aJazz$xPolitical aspects.
=650  \0$aHip-hop.
=650  \0$aMulticulturalism.
=655  \7$aPerformance.$2nyu-hidvl
=700  1\$aRuiz, Mildred.$4aut$4chr$4prf
=700  1\$aSapp, Steven.$4aut$4chr$4prf
=700  1\$aWilks, Talvin.$4drt
=710  2\$aUniverses (Performance group)
=710  2\$aHemispheric Institute Digital Video Library.
=830  \0$aUNIVERSES Collection.
=856  40$uhttp://hdl.handle.net/2333.1/bk3j9npb

