=LDR  04629cgm  2200565 a 4500
=001  000030401
=003  NNU
=004  000030401
=005  20100208133145.0
=006  m\\\\\\\\z\\\\\\\\
=007  vd\cvaizu
=007  vf\ciahou
=007  cr\cna|||||||a
=007  cr\|||||||||||
=007  vd\cvaizu
=008  080509s2003\\\\nyu079\\\\\\\\\\\\vleng\d
=024  7\$aHI2007_262_01$2nyu-hidvl
=035  \\$a(NYU)NYUb13612366
=040  \\$aNNU$cNNU$eamim
=245  00$aEast Coast Artists$h[videorecording] :$bRasaBoxes workshop (New York University 2003).
=246  30$aRasaBoxes workshop (New York University 2003)
=246  3\$aNYU RasaBoxes workshop 2003
=260  \\$c2003.
=300  \\$a1 videodisc of 1 (DVD) (79 min.) :$bsd., col. ;$c4 3/4 in.$3viewing copy.
=300  \\$a1 videocassette of 1 (Digital Betacam) (79 min.) :$bsd., col. ;$c1/2 in.$3master.
=490  1\$aRichard Schechner's Productions collection
=530  \\$aAlso available online as streaming video.
=546  \\$aIn English.
=500  \\$aTitle supplied by Hemispheric Institute.
=500  \\$aPart of the Hemispheric Institute Digital Video Library.
=534  \\$pMedia source original:$e1 videocassette of 1 (VHS) : sd., col. ; 1/2 in. SP.$mTDK T-120.
=518  \\$aHeld at the Tisch School of the Arts, New York University, New York City, in 2003.
=508  \\$aRichard Schechner, producer, artistic director ; East Coast Artists, producer ; workshop conducted by Michele Minnick and Paula Murray Cole.
=511  1\$aNYU students, workshop participants.
=520  \\$aThis performer-training workshop features the rasaboxes exercise devised by Richard Schechner. Michele Minnick and Paula Murray Cole lead the workshop in a yoga warmup, intensive breathing and vocal exercises, slow-motion and other exercises invented or adapted by Schechner, and finally the rasaboxes. Taken as a whole, the workshop is an exploration of psycho-physical embodiments connecting the personal to the social. Rasaboxes offer a unique approach that begins with finding a particular form for the eight basic emotions as specified in the Sanskrit theatre manual, Bharata's 'Natyasastra.' In the workshop documented in the film, four student participants along with the instructors commence with a warm up and then draw words and pictures in each of eight connected rectangular boxes mapped out on the floor with masking tape. The ninth, the center box, is left blank because it represents 'shanta,' the ultimate emotionless state of total bliss. Rasaboxes combines the Indian concept with Antonin Artaud's call for the actor to be 'an athlete of the emotions.' The eight, or nine, rasas of Sanskrit/Indian performance theory are: adbhuta (surprise, wonder), sringara (love, eros), bhayanaka (fear, horror), bibhatsa (disgust, revulsion), vira (courage, the heroic), hasya (laughter, the comic), karuna (sadness, compassion), raudra (rage, destruction), and santa (peace, bliss). Workshop participants move within the boxes, jumping from one emotional state to the other and at times engaging interactively. Richard Schechner is a theater director, performance theorist and university professor known for being one of the founders of the academic discipline of Performance Studies at Tisch School of the Arts, New York University. Schechner combines his work in anthropology with innovative approaches to performance of all kinds including ritual, drama, environmental theater, political rallies, dance, music, etc. in order to consider how performance can be understood not just as an object of study, but also as an active intellectual-artistic practice. He is the editor of 'TDR: The Journal of Performance Studies.' His books include 'Environmental Theater,' 'The Future of Ritual,' 'Performance Theory,' 'Between Theater and Anthropology' and 'Performance Studies: An Introduction.' As of 2007, his books have been translated into 14 languages.
=540  \\$aThere are copyright restrictions on this collection. For more information, go to the online version of this video.
=650  \0$aRasas.
=650  \0$aPsychophysics.
=653  \\$aRasaboxes
=655  \7$aWorkshop$2nyu-hidvl
=700  1\$aSchechner, Richard,$d1934-$4pro$4drt
=700  1\$aMinnick, Michele.$4orm
=700  1\$aCole, Paula Murray.$4orm
=710  2\$aEast Coast Artists.$4pro
=710  2\$aHemispheric Institute Digital Video Library.
=830  \0$aRichard Schechner's Productions collection
=856  40$uhttp://hdl.handle.net/2333.1/tx95x6mj

