=LDR  05618cgm a22007455a 4500
=001  001001268
=003  NNU
=004  NYUb12817122
=005  20090409165443.0
=006  m\\\\\\\\z\\\\\\\\
=007  vd|cvaizu
=007  vf|ciahou
=007  vd|cz\hou
=007  cr\|||||||||||
=008  031222e200307uunyu120\\\\\\\\\\\\vleng\d
=024  7\$aHI2003_008_01$2nyu-hidvl
=024  7\$aHI2003_009_01$2nyu-hidvl
=024  7\$aHI2003.008_01$2nyu-hidvl
=024  7\$aHI2003.009_01$2nyu-hidvl
=035  \\$a(NYU)NYUb12817122
=040  \\$aNNU$cNNU$eamim
=245  00$aEast Coast Artists$h[videorecording] :$bYokastaS.
=246  30$aYokastaS
=260  \\$c2003 July.
=300  \\$3viewing copy.$a2 videodiscs of 2 (DVD) (120 min.) :$bsd., col. ;$c4 3/4 in.
=300  \\$3master.$a2 videocassettes of 2 (Digital Betacam) (120 min. : pt.1, 60 min. ; pt.2, 60 min.) :$bsd., col. ;$c1/2 in.
=500  \\$aTitle supplied by Hemispheric Institute.
=500  \\$aPart of the Hemispheric Institute Digital Video Library.
=534  \\$pMedia source original:$e2 videocassettes of 2 (Mini DV) : digital sd., col. ; 1/4 in.$mPanasonic MiniDV.
=518  \\$aPerformed as part of the Spectacles of Religiosities Seminar, Hemispheric Institute of Performance and Politics, New York University, July 5-12, 2003.
=508  \\$aEast Coast Artists, creator ; Richard Schechner, director, writer ; Saviana Stanescu, writer ; Hemispheric Institute of Performance and Politics, producer ; NYU TV and Media, videographer ; E.D. Intemann, lighting ; Meg Leary, musical director ; Kilbane Porter, dramaturg ; Luis Peirano, post-performance discussion moderator.
=511  1\$aTracey Huffman, Suzi Takahashi, Kilbane Porter, Rachel Bowditch, Chris Healy, actors ; Meg Leary, singer.
=530  \\$aAlso available online as streaming video.
=520  \\$aVideo documentation of East Coast Artists' performance 'YokastaS', presented as a part of the 4th Encuentro of the Hemispheric Institute of Performance and Politics, celebrated in July of 2003 in New York City, United States under the title 'Spectacles of Religiosities'. 'YokastaS', a play written by Saviana Stanescu and Richard Schechner and directed by Schechner explores the central figure of Yokasta--Oedipus's Queen-Mother-Wife by presenting theatergoers with four Yokastas, each representing distinct parts of her life and different approaches to her experiences. Audiences see Yokasta as a pre-teen, a young woman, a happily married woman, and an older woman who intelligently recollects all aspects of her life. Post-performance discussion led by Luis Peirano. East Coast Artists is a professional theater company performing new plays and classics in new interpretations. ECA also conducts training workshops. Founded in 1991 by Richard Schechner, ECA has produced 'Faust/gastronome', 'Amerika' (after Kafka), Chekhov's 'Three Sisters', and 'YokastaS'. ECA emphasizes a long developmental workshop and rehearsal process, open rehearsals, and continuous revision throughout the life of a production. Richard Schechner is University Professor and Professor of Performance Studies at the Tisch School of the Arts, New York University. He is artistic director of East Coast Artists and editor of 'TDR: A Journal of Performance Studies'. His books include 'Environmental Theater', 'Between Theater and Anthropology', 'The End of Humanism', 'Performance Theory', 'Performative Circumstances', 'The Future of Ritual', and 'Performance Studies: An Introduction'. His books have been translated into Chinese, German, Japanese, Spanish, Italian, Korean, Hungarian, Dutch, and Serbo-Croatian. He founded and directed The Performance Group with which he directed 'Dionysus in 69', 'Tooth of Crime', 'Mother Courage and Her Children', 'Oedipus', and many other works. He continues to direct plays, conduct performance workshops, and lectures in Asia, Africa, Europe, Australia, and the Americas. He is the recipient of numerous fellowships and awards including a Guggenheim, Fulbright, NEH, and a Lifetime Achievement Award from Performance Studies International.
=540  \\$aThere are copyright restrictions on this collection. For more information, go to the online version of this video.
=650  \0$aJocasta (Greek mythology)$vDrama.
=600  00$aOedipus$c(Greek mythological figure)$vDrama.
=650  \0$aWomen$vDrama.
=655  \7$aPerformance.$2nyu-hidvl
=655  \7$aTheater.$2nyu-hidvl
=655  \7$aExperimental theater.$2nyu-hidvl
=700  1\$aSchechner, Richard,$d1934-$4drt$4aut
=700  1\$aStanescu, Saviana,$d1967-$4aut
=700  1\$aLeary, Meg.$4mus$4sng
=700  1\$aIntemann, E. D.$4lgd
=700  1\$aPeirano Falconi, Luis.$4mod
=700  1\$aPorter, Kilbane.$4prf$4oth
=700  1\$aHuffman, Tracey.$4prf
=700  1\$aTakahashi, Suzi.$4prf
=700  1\$aBowditch, Rachel.$4prf
=700  1\$aHealy, Chris.$4prf
=710  2\$aEast Coast Artists (Theatre company)$4cre
=710  2\$aHemispheric Institute of Performance and Politics.$4pro
=710  2\$aNYU-TV (Television station : New York, N.Y.)$4vdg
=710  2\$aHemispheric Institute Digital Video Library.
=711  2\$aHemispheric Institute Encuentro$n(4th :$d2003 :$cNew York, N.Y.).$tSpectacles of religiosities.
=853  00$81$adisc
=863  50$81.1$a1$p31142040272653
=863  50$81.2$a2$p31142040272661
=856  40$uhttp://hdl.handle.net/2333.1/f1vhhmmt
=954  \\$81$aVolumes

