=LDR  05592cgm a22007095a 4500
=001  000985688
=003  NNU
=004  NYUb12800507
=005  20090409165450.0
=006  m\\\\\\\\z\\\\\\\\
=007  vd|cvaizu
=007  vf|ciahou
=007  cr\|||||||||||
=007  vd|cz\hou
=008  031017e200307uunyu120\\\\\\\\\\\\vleng\d
=024  7\$aHI2003_012_01$2nyu-hidvl
=024  7\$aHI2003_013_01$2nyu-hidvl
=024  7\$aHI2003.012_01$2nyu-hidvl
=035  \\$a(NYU)NYUb12800507
=040  \\$aNNU$cNNU$eamim
=043  \\$acl-----$au-us-nm$an-us-nm$anwcu---
=245  00$aReligious fervor and popular culture$h[videorecording].
=246  31$aFervor religioso y cultura popular
=246  3\$aSilvia Spitta, Sylvia Molloy & Vivian Martínez Tabares :$bReligious fervor and popular Culture (academic seminar)
=260  \\$c2003 July.
=300  \\$3viewing copy.$a2 videodiscs of 2 (DVD) (120 min.) :$bsd., col. ;$c4 3/4 in.
=300  \\$3master.$a2 videocassettes of 2 (Digital Betacam) (120 min.) :$bsd., col. ;$c1/2 in.
=530  \\$aAlso available online as streaming video.
=500  \\$aTitle supplied by Hemispheric Institute.
=500  \\$aPart of the Hemispheric Institute Digital Video Library.
=534  \\$pMedia source original:$e2 videocassette of 2 (Mini DV) : digital sd., col. ; 1/4 in.$mPanasonic MiniDV.
=518  \\$aPart of the Spectacles of Religiosities Seminar, Hemispheric Institute of Performance and Politics, New York University, July 5-12, 2003.
=508  \\$aHemispheric Institute of Performance and Politics, producer ; Silvia Spitta, Sylvia Molloy, Vivian Martínez Tabares, creators ; NYU TV and Media, videographer.
=511  0\$aSilvia Spitta, Sylvia Molloy, Vivian Martínez Tabares, speakers ; Ulla Berg, Alyshia Gálvez, moderators, introductions.
=520  \\$aVideo documentation of the 'Religious Fervor and Popular Culture' mini-seminar presented as a part of the 4th Encuentro of the Hemispheric Institute of Performance and Politics, celebrated in July of 2003 in New York City, United States under the title 'Spectacles of Religiosities'. Moderated by Ulla Berg and Alyshia Gálvez. Silvia Spitta, is Associate Professor of Spanish and Portuguese at Dartmouth College. Her field of interest ranges from contemporary and colonial Latina/o American writers, theories of transculturation, and narratives of mestizaje or miscegenation. Author of 'Between Two Waters: Literary Transculturation in Latin America', Spitta is currently working on a book titled 'Theories of Colonialism in/of the Americas' and on a project concerning the mestizo in Latin American and Latino narratives. Paper title: 'New Mexico/New Mestizo: Enacted and Otherwise'. Sylvia Molloy, Albert Schweitzer Professor of the Humanities at New York University, is one of the most influential scholars of Latin American literature and culture. She is also a prestigious fiction writer. Her novel 'En Breve Cárcel' (Barcelona: Seix Barral, 1981) has been translated into English and Portuguese. She recently finished a new novel 'El Común Olvido'. She has been the recipient of numerous honors: Presidency of the Modern Language Association, the Doctorate of Humane Letters, Tulane University, the Achievement Award for Outstanding Service to La Herencia Latina and the Latino Community, the N.E.H Fellowship and the Guggenheim Fellowship. Paper title: 'Displaying Americas: Idols and Ideology'. Vivian Martínez Tabares is a Cuban critic, researcher, editor and professor. She has published 'Teatro por el Gran Octubre', 'José Sanchís Sinisterra: Explorar las Vías del Texto Dramático', and 'Didascalias Urgentes de una Espectadora Interesada'. Her work has been compiled in theatre anthologies, and she has collaborated in specialized publications in the Americas and Europe. She is a professor at the Instituto Superior de Arte, and has lectured in several universities in Latin America and Europe. She received the 'Caribe 2000' Rockefeller Foundation fellowship at Universidad de Puerto Rico. Martínez Tabares is director of 'Conjunto' theater journal, and head of the Theater Department of Casa de las Américas, Cuba, where she organizes the Theatrical May Season.
=540  \\$aThere are copyright restrictions on this collection. For more information, go to the online version of this video.
=650  \0$aIdols and images.
=650  \0$aReligious articles$zNew Mexico.
=651  \0$aNew Mexico$xCivilization.
=650  \0$aIdolatry$zLatin America.
=651  \0$aLatin America$xReligious life and customs.
=651  \0$aCuba$xReligious life and customs.
=653  \\$aReligious idols and ideology
=655  \7$aAcademic seminar.$2nyu-hidvl
=700  1\$aSpitta, Silvia,$d1956-$4cre$4spk
=700  1\$aMolloy, Sylvia.$4cre$4spk
=700  1\$aMartínez Tabares, Vivian,$d1956-$4cre$4spk
=700  1\$aBerg, Ulla,$d1932-$4aui$4mod
=700  1\$aGálvez, Alyshia.$4aui$4mod
=710  2\$aHemispheric Institute of Performance and Politics.$4pro
=710  2\$aNYU-TV (Television station : New York, N.Y.)$4vdg
=710  2\$aHemispheric Institute Digital Video Library.
=711  2\$aHemispheric Institute Encuentro$n(4th :$d2003 :$cNew York, N.Y.).$tSpectacles of religiosities.
=856  40$uhttp://hdl.handle.net/2333.1/6hdr7st8
=853  00$81$adisc
=863  50$81.1$a1$p31142040272448
=863  50$81.2$a2$p31142040272455$wg
=954  \\$81$aVolumes

