=LDR  04182cgm a22006495a 4500
=001  000980087
=003  NNU
=004  NYUb12794578
=005  20090409165507.0
=006  m\\\\\\\\z\\\\\\\\
=007  vd|cvaizu
=007  vf|ciahou
=007  cr\|||||||||||
=007  vd
=008  031013e200307uunyu060\\\\\\\\\\\\vleng\d
=024  7\$aHI2003_007_01$2nyu-hidvl
=024  7\$aHI2003.007_01$2nyu-hidvl
=040  \\$aNNU$cNNU$eamim
=245  00$aReverend Billy and the Church of stop-shopping$h[videorecording] :$blive.
=246  30$aChurch of stop-shopping
=246  3\$aPerformance by Rev. Billy and Church of stop-shopping
=260  \\$c2003 July.
=300  \\$3viewing copy.$a1 videodisc of 1 (DVD) (60 min.) :$bsd., col. ;$c4 3/4 in.
=300  \\$3master.$a1 videocassette of 1 (Digital Betacam) (60 min.) :$bsd., col. ;$c1/2 in.
=518  \\$aPerformed as part of the Spectacles of Religiosities Seminar, Hemispheric Institute of Performance and Politics, New York University, July 5-12, 2003.
=500  \\$aTitle supplied by Hemispheric Institute.
=500  \\$aPart of the Hemispheric Institute Digital Video Library.
=508  \\$aBill Talen, creator, director ; Hemispheric Institute of Performance and Politics, producer ; NYU TV and Media, videographer ; Jill Lane, post-performance discussion moderator.
=511  1\$aBill Talen, protagonist.
=530  \\$aAlso available online as streaming video.
=534  \\$pMedia source original:$e1 videocassette of 1 (Mini DV) : digital sd., col. ; 1/4 in.$mPanasonic MiniDV.
=520  \\$aVideo documentation of Reverend Billy and his Church of Stop Shopping's performance-intervention, presented as a part of the 4th Encuentro of the Hemispheric Institute of Performance and Politics, celebrated in July of 2003 in New York City, United States under the title 'Spectacles of Religiosities'. Reverend Billy is a character inhabited by the author/actor William 'Bill' Talen. An invention that resists titles like Performance Artist, Man of God, or Anarchist -- Reverend Billy and his Church of Stop Shopping have become popular as none of the above or as all three. In one form, this project is an interactive play, an evening-length church service that seems to evolve from comedy to some sort of secular spirituality that downtown New York hipsters embrace. Working in 300-seat theaters with large gospel choirs that sing anti-consumerist lyrics ('Stop Shopping! Stop Shopping! Now we can leave the Shopping Malls!'), the Reverend usually works, like a normal church, with a theme at each service. These range from anti-sweatshop concerns, to the neighborhood defense against the economy of tourism, to animal rights. However, Reverend Billy is best known for his Disney and Starbucks store invasions, which also combine the elements of drama, religion and politics. Post-performance discussion led by Jill Lane.
=540  \\$aThere are copyright restrictions on this collection. For more information, go to the online version of this video.
=650  \0$aPerforming arts$xPolitical aspects.
=650  \0$aProtest movements.
=650  \0$aShopping$xSocial aspects.
=653  \\$aReverend Billy
=653  \\$aChurch of stop shopping
=653  \\$aPolitical performance
=655  \7$aPerformance.$2nyu-hidvl
=655  \7$aPerformance art.$2nyu-hidvl
=655  \7$aTheater.$2nyu-hidvl
=655  \7$aDemonstration/Protest.$2nyu-hidvl
=655  \7$aPolitical performance.$2nyu-hidvl
=655  \7$aReligious parody/satire.$2nyu-hidvl
=700  1\$aTalen, William.$4cre$4drt$4prf
=700  1\$aLane, Jill,$d1967-$4mod
=710  2\$aHemispheric Institute of Performance and Politics.$4pro
=710  2\$aNYU-TV (Television station : New York, N.Y.)$4vdg
=710  2\$aHemispheric Institute Digital Video Library.
=711  2\$aHemispheric Institute Encuentro$n(4th :$d2003 :$cNew York, N.Y.).$tSpectacles of religiosities.
=856  40$uhttp://hdl.handle.net/2333.1/qjq2bvwf

