=LDR  05096cgm a22009375a 4500
=001  001012286
=003  NNU
=004  NYUb12828954
=005  20090409165502.0
=006  m\\\\\\\\z\\\\\\\\
=007  vd|cvaizu
=007  vf|ciahou
=007  vd|cvaizu
=007  cr\|||||||||||
=008  031013e20030713nyu240\\\\\\\\\\\\vleng\d
=024  7\$aHI2004_002_01$2nyu-hidvl
=024  7\$aHI2004_003_01$2nyu-hidvl
=024  7\$aHI2004_004_01$2nyu-hidvl
=024  7\$aHI2004_005_01$2nyu-hidvl
=024  7\$aHI2004.002_01$2nyu-hidvl
=040  \\$aNNU$cNNU$eamim
=041  0\$aeng$aspa
=079  \\$a(OCoLC)85032016
=245  00$aAnti-empire, anti-war cabaret$h[videorecording].
=246  3\$aProtest cabaret of U.S. and Latin American artists
=260  \\$aNew York, NY :$bHemispheric Institute of Performance and Politics,$c2003.
=300  \\$3viewing copy.$a4 videodiscs of 4 (DVD) (ca. 240 min.) :$bsd., col. ;$c4 3/4 in.
=300  \\$3master.$a4 videocassettes of 4 (Digital Betacam) (ca. 240 min.) :$bsd., col. ;$c1/2 in.
=546  \\$aIn English and Spanish.
=500  \\$aTitle supplied by Hemispheric Institute.
=500  \\$aPart of the Hemispheric Institute Digital Video Library.
=508  \\$aHemispheric Institute, commissioner; NYU TV and Media, videographer; Martha Wilson, director; Diana Taylor, producer; Bill Talen, introducer.
=511  1\$aReverend Billy, host; Living Theater, cast; Dance Tube, cast; Pirate Jen, cast; Alexander del Re, cast; Karen Jaime, cast.
=530  \\$aAlso available online as streaming video.
=534  \\$pMedia source original:$e4 videocassettes of 4 (DV) (240 min.) : sd., col. ; 1/4 in.$mPanasonic mini-DV ME DVM60
=520  \\$aThe Anti-Empire, Anti-War Cabaret, part of the Hemispheric Institute's 2003 Spectacles of Religiosities seminar was envisioned as a unified hemispheric scream, bringing together activists, artists and academics against the Bush Administration's war plans and empire building. A nearly four-hour event, more than 20 artists performed.
=540  \\$aThere are copyright restrictions on this collection. For more information, go to the online version of this video.
=505  00$tManifesto from Latin America /$rDiana Taylor --$tPeaceful tomorrows /$rDawn Peterson --$tToyi Toyi /$rPerformance Studies Class --$tVideo feeds New York & Chile /$rAlexander Del Re & Dan McKereghan --$tWar with no shame /$rGalinsky --$tMonologue about maintaining her daughter's innocence /$rLeonora Champagne --$tProject 59 /$rIrina Danilova --$tNot in my name /$rThe Living Theater --$tMasters of war & Battle Hymn of the Republic /$rNora York --$tMonologue with video /$rMarguerite Van Cook --$tPoetry /$rRenato Rosaldo --$tBushwacked /$rJenny Romaine --$tBrushing teeth bloody to Star Spangled Banner /$rMaciej Toporowicz --$tMusic, video of research on deformities due to Agent Orange compared to Iraq /$rChris Rael --$tGroup movement with video/$rDancetube --$tDuck & cover /$rGecko --$tSpoken work poetry /$rJennifer Edwards --$tExcerpt from "Hell" /$rJeff McMahon --$tPleasure revolution scream out /$rMissy Galore --$tSpoken work poetry with music /$rKaren Jaime --$tSpoken word text /$rPamela Sneed --$tDancing to stop the war /$rJulie Atlas Muz --$tLex Talibonis /$rStephen Wangh --$tBarbara Bush /$rMartha Wilson.
=655  \0$aOne-person shows (Performing arts)
=650  \0$aPeace movements.
=650  \0$aIraq War, 2003-2011$xPublic opinion.
=655  \7$aWar$xPerformance.$2migfg
=655  \7$aPerformances.$2aat
=700  1\$aTalen, William.$4aui$4hst
=700  1\$aWilson, Martha,$d1947-$4drt
=700  1\$aTaylor, Diana,$d1950-$4pro
=700  1\$aDel Rey, Alexander.$4prf
=700  1\$aJaime, Karen.$4prf
=700  1\$aPeterson, Dawn.$4prf
=700  1\$aMcKereghan, Dan.$4prf
=700  1\$aChampagne, Leonora.$4prf
=700  1\$aDanilova, Irina.$4prf
=700  1\$aYork, Nora.$4prf
=700  1\$aVan Cook, Marguerite.$4prf
=700  1\$aRosaldo, Renato.$4prf
=700  1\$aRomaine, Jenny.$4prf
=700  1\$aToporowicz, Maciej.$4prf
=700  1\$aRael, Chris.$4prf
=700  1\$aEdwards, Jennifer.$4prf
=700  1\$aMcMahon, Jeff.$4prf
=700  1\$aGalore, Missy.$4prf
=700  1\$aSneed, Pamela.$4prf
=700  1\$aMuz, Julie Atlas.$4prf
=700  1\$aWangh, Stephen.$4prf
=710  2\$aLiving Theatre (New York, N.Y.)
=710  2\$aDance Tube.
=710  2\$aHemispheric Institute of Performance and Politics.$4fnd
=710  2\$aHemispheric Institute Digital Video Library.
=711  2\$aHemispheric Institute Encuentro$n(4th :$d2003 :$cNew York, N.Y.).$tSpectacles of religiosities.
=853  00$81$apt.
=863  50$81.1$a1$p31142042654445
=863  50$81.2$a2$p31142042654437
=863  50$81.3$a3$p31142042654429
=863  50$81.4$a4$p31142042654411
=856  40$uhttp://hdl.handle.net/2333.1/mkkwh75c
=954  \\$81$aVolumes

