=LDR  03734cgm a2200637 a 4500
=001  001022994
=003  NNU
=004  NYUb12840177
=005  20090409165516.0
=006  m\\\\\\\\z\\\\\\\\
=007  vd|cvaizu
=007  vf|ciahou
=007  vd|cvaizu
=007  cr\|||||||||||
=008  031013e200307uunyu022\\\\\\\\\\\\vleng\d
=024  7\$aHI2004_021_01$2nyu-hidvl
=024  7\$aHI2004.021_01$2nyu-hidvl
=035  \\$a(NYU)NYUb12840177
=040  \\$aNNU$cNNU$eamim
=041  0\$aeng$aspa
=245  00$aInterview with Hortencia & Elvira Colorado (Coatlicue Theater Company)$h[videorecording].
=246  3\$aInterview with the Colorado sisters (Coatlicue Theater)
=246  1\$iLabel on DVD :$aColorado sisters interview
=260  \\$c2003 July.
=300  \\$a1 videodisc of 1 (DVD) (22 min.) :$bsd., col. ;$c4 3/4 in.
=300  \\$3master.$a1 videocassette of 1 (Digital Betacam) (22 min.) :$bsd., col. ;$c1/2 in.
=530  \\$aAlso available online as streaming video.
=546  \\$aIn English and some Spanish.
=500  \\$aTitle supplied by Hemispheric Institute.
=500  \\$aPart of the Hemispheric Institute Digital Video Library.
=534  \\$pMedia source original:$e1 videocassette of 1 (Mini DV) (22 min.) : sd., col. ; 1/4 in.$mDV cassette Panasonic linear.
=518  \\$aInterviewed as part of the Spectacles of Religiosities Seminar, Hemispheric Institute of Performance and Politics, New York University, July 5-12, 2003.
=508  \\$aHemispheric Institute of Performance and Politics, producer.
=511  0\$aElvira Colorado, interviewee ; Hortencia Colorado ; interviewee ; Diana Taylor, interviewer.
=520  \\$aInterview with Hortencia and Elvira Colorado, of Coatlicue Theater Company, conducted by Diana Taylor during the 4th Encuentro of the Hemispheric Institute of Performance and Politics, celebrated in July of 2003 in New York, United States under the title Spectacles of Religiosities. Elvira and Hortencia Colorado, Chichimec Otomi storytellers, playwrights, performers and community activists are founding members of Coatlicue Theater Company. They are also members of danza Mexica Cetiliztli, New York Zapatistas and the American Indian Community House. The company's plays address social, political, cultural and identity issues that impact their lives and their community. Their work is based on stories they weave together which educate as well as entertain, while reaffirming their survival as urban Native American women. They have conducted storytelling/ theater workshops. They are recipients of the Ingrid Washinawatok Community Activism Award.
=540  \\$aThere are copyright restrictions on this collection. For more information, go to the online version of this video.
=610  20$aCoatlicue Theatre Company.
=650  \0$aEntertainers$vInterviews.
=650  \0$aIndians of North America$xEthnic identity.
=650  \0$aMexican Americans$xEthnic identity.
=650  \0$aMexicans$xEthnic identity.
=650  \0$aCommunity arts projects.
=653  0\$aNative American theater
=653  0\$aChicano theater
=655  \7$aInterview.$2nyu-hidvl
=700  1\$aTaylor, Diana,$d1950-$4ivr$4nrt
=700  1\$aColorado, Elvira.$4ive
=700  1\$aColorado, Hortencia.$4ive
=710  2\$aHemispheric Institute of Performance and Politics.$4pro
=710  2\$aHemispheric Institute Digital Video Library.
=711  2\$aHemispheric Institute Encuentro$n(4th :$d2003 :$cNew York, N.Y.).$tSpectacles of religiosities.
=856  40$uhttp://hdl.handle.net/2333.1/fttdz0dz

