=LDR  03808cgm a2200577 a 4500
=001  001023017
=003  NNU
=004  NYUb12840200
=005  20090409165512.0
=006  m\\\\\\\\z\\\\\\\\
=007  vd|cvaizu
=007  vf|ciahou
=007  vd|cvaizu
=007  cr\|||||||||||
=008  031013e200307uunyu020\\\\\\\\\\\\vlspa\d
=024  7\$aHI2004_022_01$2nyu-hidvl
=024  7\$aHI2004.022_01$2nyu-hidvl
=035  \\$a(NYU)NYUb12840200
=040  \\$aNNU$cNNU$eamim
=043  \\$aspa$an-mx---
=245  00$aInterview with Petrona de la Cruz & Isabel Juárez Espinosa (FOMMA)$h[videorecording].
=246  3\$aInterview with Fortaleza de la Mujer Maya (FOMMA)
=260  \\$c2003 July.
=300  \\$3viewing copy.$a1 videodisc of 1 (DVD) (20 min.) :$bsd., col. ;$c4 3/4 in.
=300  \\$3master.$a1 videocassette of 1 (Digital Betacam) (20 min.) :$bsd., col. ;$c1/2 in.
=530  \\$aAlso available online as streaming video.
=546  \\$aIn Spanish.
=500  \\$aTitle supplied by Hemispheric Institute.
=500  \\$aPart of the Hemispheric Institute Digital Video Library.
=534  \\$pMedia source original:$e1 videocassette of 1 (Mini DV) : sd., col. ; 1/4 in.$mPanasonic DVC Linear Plus.
=518  \\$aInterviewed as part of the Spectacles of Religiosities Seminar, Hemispheric Institute of Performance and Politics, New York University, July 5-12, 2003.
=508  \\$aHemispheric Institute of Performance and Politics, producer.
=511  0\$aPetrona de la Cruz, interviewee ; Isabel Juárez Espinosa, interviewee ; Diana Taylor, interviewer.
=520  \\$aInterview with Petrona de la Cruz and Isabel Juárez Espinosa of FOMMA (Fortaleza de la Mujer Maya) conducted by Diana Taylor during the 4th Encuentro of the Hemispheric Institute of Performance and Politics, celebrated in July of 2003 in New York, United States under the title Spectacles of Religiosities. Petrona de la Cruz and Isabel Juárez Espinosa are Mayan Indian playwrights and actresses from Chiapas, Mexico. Pioneers in theatre and social justice in their country, in 1994 they formed the womens cooperative, FOMMA, to empower displaced Indian women and children through workshops in bilingual education (Tzotzil/Tzeltal and Spanish) health programs, job skills and theatre. They have performed in small communities throughout Chiapas as well as at universities and festivals abroad. Forced to leave their native villages at an early age, they became maids in the neighboring mestizo city of San Cristóbal de las Casas. In the '80's they went to work at the fledging Indian writers' cooperative, Sna Jtz'bajom. It was there they became interested in theatre and received training from Ralph Lee of the Metawee River Theatre Company. They have subsequently worked with several other teachers including Amy Trompetter and Luis de Tavira.
=540  \\$aThere are copyright restrictions on this collection. For more information, go to the online version of this video.
=610  20$aFortaleza de la Mujer Maya (Organization)
=650  \0$aDramatists$vInterviews.
=650  \0$aWomen's rights$zMexico.
=650  \0$aCommunity theater$zMexico.
=655  \7$aInterview.$2nyu-hidvl
=700  1\$aTaylor, Diana,$d1950-$4ivr
=700  1\$aCruz Cruz, Petrona de la,$d1965-$4ive
=700  1\$aJuárez Espinosa, Isabel,$d1958-$4ive
=710  2\$aHemispheric Institute of Performance and Politics.$4pro
=710  2\$aHemispheric Institute Digital Video Library.
=711  2\$aHemispheric Institute Encuentro$n(4th :$d2003 :$cNew York, N.Y.).$tSpectacles of religiosities.
=856  40$uhttp://hdl.handle.net/2333.1/b5mkkwmj

