=LDR  05381cgm a2200697 a 4500
=001  000539572
=003  NNU
=004  NYUb13530682
=005  20140421145504.0
=006  m\\\\\\\\z\\\\\\\\
=007  vd\cvaizu
=007  vf\ciahou
=007  cr\cna
=007  cr\|||||||||||
=008  070508s2003\\\\cau115\\\\\\\\\\\\vleng\d
=024  7\$aHI2007_065_A_01$2nyu-hidvl
=024  7\$aHI2007_065_B_01$2nyu-hidvl
=024  7\$aHI2007.065_01_A$2nyu-hidvl
=035  \\$a(NYU)NYUb13530682
=040  \\$aNNU$cNNU$eamim
=041  0\$aeng$aspa$arom
=043  \\$an-us-ca
=245  00$aZoot suit$h[videorecording]
=260  \\$c2003.
=300  \\$3master.$a2 videocassettes of 2 (Digital Betacam) (115 min.) :$bsd., col. ;$c1/2 in.
=300  \\$3viewing copy.$a2 videodiscs of 2 (DVD) (115 min. : pt.A, 74 min. ; pt.B, 41 min.) :$bsd., col. ;$c4 3/4 in.
=490  1\$aEl Teatro Campesino collection
=530  \\$aAlso available online as streaming video.
=546  \\$aIn English, Spanish, and Caló.
=500  \\$aTitle supplied by Hemispheric Institute.
=500  \\$aPart of the Hemispheric Institute Digital Video Library.
=534  \\$pMedia source original:$e1 videocassette of 1 (VHS) : sd., col. ; 1/2 in. SP.$mTDK T-120.
=518  \\$aPerformed in San Juan Bautista, California, in 2003.
=508  \\$aAnahuac Valdez, producer; Kinan Valdez, director; Lakin Valdez, assistant director; Luis Valdez, writer; Dan Kuramato, music; Lalo Guerrero, song composition; Laura Akard, choreography; Joe Cardinalli, set design; Gabriela Fernandez, costume design; Paul Skelton, lighting; Emiliano Valdez, sound design; Milt Commons, stage manager; Mahito Shirako, technical director; Olgalydia Urbano, vocal director; Los Chucos Suavez, Marijuan Boogie, Vamos a Bailar (music and lyrics by Lalo Guerrero); Zoot Suit Boogie (music by Luis Prima, lyrics by Luis Valdez; inspired by Chicas Patas Boogie (music and lyrics by Lalo Guerrero)).
=511  1\$aRaul Sabino Cardona, Lupe Correa, Lakin Valdez, Josh A. Sanchez, Patrick Bautista, Bodie Olmos, Anita Reyes, Malinda DeRouen, Gilbert Chavarria, Steven Perez, Sandra Longoria, Lisanne Villa, Andres Miranda, Andres Sinohui, Gwendolyn Dreyer, Nick Doan, Olgalydia Urbano, Luis Valdez, Seth Millwood, Anahuac Valdez, Rosa M. Apodaca, Lupe Valdez, Rosa M. Escalante, Paul Myrvold, Noe Montoya, Estrella Esparza.
=520  \\$aArguably El Teatro Campesinos most famous play, Zoot Suit was originally produced in 1978 at the Mark Taper Form where it ran for an unprecedented twelve weeks and has since then been revived numerous times, including this production in 2003. In 1981, it was adapted into a feature film for Universal Films. Zoot Suit is based on the 1942 Sleepy Lagoon murder mystery and the Zoot Suit Riots that occurred in Los Angeles after that. The riots took place in the racially charged environment of Los Angeles where sailors, soldiers and marines returning from World War II came into conflict with local Mexican zoot suiters. On June 3, 1943 a group of servicemen alleged they had been assaulted by a group of Pachucos, Mexican American youth who had their own subculture during the 1930s and 40s in the American Southwest. They wore distinctive clothing, such as zoot suits, and spoke a dialect, Calo, which is represented in this ETC production; they were often associated with gang activity. A larger group of servicemen gathered in the center of the Mexican community in Los Angeles where they attacked men wearing zoot suits. The police responded by arresting Mexican American youths, who had been attacked in the riots, for disturbing the peace. ETC's Zoot Suit combines fact and fiction to show the fate of 22 Mexican Americans brought to trial for a murder they did not commit. The character of Henry Reyna is based upon real-life zoot suiter Henry Leyvas, who was tried and wrongfully convicted of first-degree murder of Jose Diaz in 1942 (the Sleepy Lagoon murder). Reyna and his friends were set free in 1945 after the Zoot Suit Riots and the banning of zoot suits in Los Angeles in 1944. The goal of this production was to lock into a definitive stage version, while allowing a new generation of artists to take it where they would.
=540  \\$aThere are copyright restrictions on this collection. For more information, go to the online version of this video.
=600  10$aLeyvas, Henry.
=650  \0$aZoot Suit Riots, Los Angeles, Calif., 1943$vDrama.
=650  \0$aRiots$zCalifornia.
=650  \0$aMexican Americans$zCalifornia$zLos Angeles$xSocial conditions$y20th century.
=653  \\$aPachucos
=653  \\$aChicano theater
=655  \7$aPerformances (entertainment events).$2aat
=655  \7$aPerformance art.$2aat
=655  \7$aTheater (discipline).$2aat
=700  1\$aValdez, Anahuac.$4pro
=700  1\$aValdez, Kinan.$4drt
=700  1\$aValdez, Luis.$4aut
=710  2\$aTeatro Campesino (Organization)
=710  2\$aHemispheric Institute Digital Video Library.
=830  \3$aEl Teatro Campesino collection.
=856  40$uhttp://hdl.handle.net/2333.1/k6djhb42
=853  00$81$apt.
=863  50$81.1$aA$p31142042580327
=863  50$81.2$aB$p31142042580335
=954  \\$81$aVolumes

