=LDR  05463cgm a2200685 a 4500
=001  000552447
=003  NNU
=004  NYUb13544533
=005  20080417134601.0
=006  m\\\\\\\\z\\\\\\\\
=007  vd\cvaizu
=007  vf\ciahou
=007  cr\cna
=007  \\vd
=007  cr\|||||||||||
=008  071016s2003\\\\ec\079\\\\\\\\\\\\vlspa\d
=024  7\$aHI2007_202_01$2nyu-hidvl
=024  7\$aHI2007_203_01$2nyu-hidvl
=024  7\$aHI2007.202_01$2nyu-hidvl
=035  \\$a(NYU)NYUb13544533
=040  \\$aNNU$cNNU$eamim
=041  0\$aspa
=043  \\$as-ec---
=245  03$aLa muchacha de los libros usados$h[videorecording].
=260  \\$c2003.
=300  \\$3master.$a2 videocassettes of 2 (Digital Betacam) (79 min.) :$bsd., col. ;$c1/2 in.
=300  \\$3viewing copy.$a2 videodiscs of 2 (DVD) (79 min. : pt.1, 62 min. ; pt.2, 17 min.) :$bsd., col. ;$c4 3/4 in.
=490  1\$aMalayerba collection
=530  \\$aAlso available online as streaming video.
=546  \\$aIn Spanish.
=500  \\$aTitle supplied by Hemispheric Institute.
=500  \\$aPart of the Hemispheric Institute Digital Video Library.
=534  \\$pMedia source original:$e2 videocassettes of 2 (Mini DV) : sd., col. ; 1/4 in. SP.$mPanasonic DVM60.
=518  \\$aPerformed at Casa Malayerba, Quito, Ecuador, in 2003.
=508  \\$aGrupo de Teatro Malayerba, producer ; Arístides Vargas, writer, director ; José Rosales, costumes ; Grupo Malayerba, set design.
=511  1\$aDaysi Sánchez, Diego Bolaños, María del Rosario (Charo) Francés, Gerson Guerra, Cristina Marchán, Manuela Romoleroux, José Rosales, Joselino Suntaxi, Arístides Vargas, Santiago Villacís.
=520  \\$a'La muchacha de los libros usados' tells the story of a girl whose family sold her to a soldier. Her life then unravels as a series of experiences related to the organized, symmetrical life of the army. Still almost a child, the girl is forced by the soldier to live in the barracks, treating her like a prized object. The night he decides to engage in sexual intercourse with her, the girl runs away and is hit by a bus. While struggling between life and death, the girl looks back over events in her life, realizing the symmetries at play in most people's lives, as well as the levels of control and repression enacted by people. The moment she supposedly recovers, she decides to leave her husband/buyer for good. The Grupo de Teatro Malayerba (teatromalayerba.org) was founded in Quito in 1979 by Arístides Vargas, Susana Pautasso and María del Rosario 'Charo' Francés, immigrant actors originally from Argentina and Spain. From the start, Malayerba included actors with various backgrounds and nationalities, invested in the exploration of the rich cultural diversity and complex history of Ecuador, as well as issues of migration, exile, political violence and individual and collective memory. With over 25 years of ongoing theater practice and more than 20 plays performed locally and internationally for a diverse audience, Malayerba is committed to theater pedagogy and experimentation, artistic collaboration, and community building. They have represented Ecuador in national and international theater festivals; they have also collaborated with theater groups within Ecuador and in other countries, and performed for both film and television, while engaging in community work in Quito. In 1989 the group created the Laboratorio Malayerba, committed to the training of generations of young Ecuadorian actors and to an ongoing investigation of theories and practices of experimental theater. In 2001 Malayerba launched the theater journal 'Hoja de Teatro,' conceived as a forum for the theorization, criticism and dissemination of Ecuadorian theater practices. The group also runs a theater house, the Casa Malayerba, which houses the Laboratory as well as a theater with seating capacity for seventy people. Malayerba approaches theater making as an artistic, ethical and technical realm where to engage in meaningful creative experiences through which to understand, assume and confront current sociopolitical processes. In working together, actors with various backgrounds and nationalities have shown that a multicultural blend is not only possible but also enriching, as differences lead to new identities, embodiments of dreams, memories, absences and pains that are at once local and universal.
=540  \\$aThere are copyright restrictions on this collection. For more information, go to the online version of this video.
=650  \0$aCivil-military relations.
=650  \0$aTheater$zEcuador.
=650  \0$aExperimental theater$zEcuador.
=653  \\$aLatin American theater
=655  \7$aPerformance.$2nyu-hidvl
=655  \7$aTheater.$2nyu-hidvl
=655  \7$aExperimental theater.$2nyu-hidvl
=655  \7$aEcuadorian theater.$2nyu-hidvl
=655  \7$aLatin American theater.$2nyu-hidvl
=700  1\$aVargas, Arístides,$d1954-$4aut$4drt$4prf
=710  2\$aGrupo de Teatro Malayerba.$4pro$4std
=710  2\$aHemispheric Institute Digital Video Library.
=830  \0$aMalayerba collection.
=853  00$81$apt.
=863  50$81.1$a1$p31142046966357
=863  50$81.2$a2$p31142047202893
=856  40$uhttp://hdl.handle.net/2333.1/sbcc2g2v
=954  \\$81$aVolumes

