=LDR  04551ngm a2200661 a 4500
=001  003679191
=004  003679191
=005  20121106095918.0
=006  m\\\\\\\\c\\\\\\\\
=007  vd\cvaiz|
=007  cr\cna|||m|||a
=007  cr\|||||||||||
=007  vd\cvaiz|
=008  121105e200305uupr\046\\\\\\\\\\\\vlspa\d
=024  7\$aHI2010_075_01$2nyu-hidvl
=024  7\$aHI2010.075_01$2nyu-hidvl
=040  \\$aNNU$beng$cNNU
=041  0\$aspa$aeng
=043  \\$anwpr---
=079  \\$a(OCoLC)878610607
=245  01$a¡Uy!$h[videorecording] /$cViveca Vázquez, creator, director.
=246  3\$aOpera de terror
=260  \\$c2003 May.
=300  \\$3viewing copy.$a1 videodisc of 1 (DVD) (45 min., 15 sec.) :$bsd., col. ;$c4 3/4 in.
=490  1\$aViveca Vázquez collection
=546  \\$aIncludes Spanish and English.
=500  \\$aTitle supplied by Hemispheric Institute.
=500  \\$aPart of the Hemispheric Institute Digital Video Library.
=518  \\$aPerformed at the Teatro Experimental Julia de Burgos Universidad de Puerto Rico Río Piedras, in May 2003.
=508  \\$aCheco Cuevas, José (Tony) Cruz, set designers ; David Ferri, lighting designer ; Luis Trelles, Gisela Rosario, videographers.
=511  0\$aPatricia Dávila, Karen Langevin, Vesna Lantigua (de Andanza), performers.
=520  \\$aVideo documentation of Puerto Rican experimental dance performance '¡Uy! -- Opera de Terror,' choreographed by Viveca Vázquez and performed in the University of Puerto Rico, Recinto Río Piedras. Viveca Vázquez is a choreographer, dancer, and a professor of humanities and contemporary dance for actors at the University of Puerto Rico. She presented her first work with Pisotón, the first experimental dance group of Puerto Rico and, shortly after, Taller de Otra Cosa, of which she became the first director. Through the company she presented her choreographic work and produced events such as ‘Rompeforma’ a key festival in the development of the experimental dance and performance scene in Puerto Rico, which was co-produced with Puerto Rican choreographer based in the U.S. Merian Soto. Since 1984 she has produced and performed experimental dance works in the United States, Mexico, Venezuela and Argentina, among a great number of other places. As a teacher she has developed a pedagogical model based on body conscience and improvisation.
=520  \\$a‘¡Uy!’ explores the concept of offering an opera not with voices but with bodies. There is an operatic counterpoint between frightening music and bodies that seem to be lost; between showing and hiding; between light and shadows; and between movements and immobility. These bodies are literally moving in the edge, verging on the unbalance; in this manner, horror seems to be more a state of the body that a state of mind. The stage is divided based on the different rooms that a house can contain -- in this manner, this performance is related to the space as a concept, and to an exploration of memory, fear, and being afraid of fear. ‘¡Uy!’ proposes several questions: What is that which scares us? Our surroundings? Or the objects with which we interact in our everyday life? What is our relationship with our own body? How and when does the body die? How are death and horror related to the death of the body as a corporeal reality?
=530  \\$aAlso available online as streaming video.
=534  \\$pMedia source original:$e1 videocassette of 1 (Mini DV) : sd., col. ; 1/4 in. SP.$mPanasonic DVM60.
=540  \\$aThere are copyright restrictions on this collection. For more information, go to the online version of this video.
=650  \0$aHorror.
=650  \0$aFear.
=650  \0$aMovement (Acting)
=650  \0$aSound$xPsychological aspects.
=650  \0$aEmotions in dance.
=650  \0$aExperimental theater$zPuerto Rico.
=650  \0$aExperimental dance$zPuerto Rico.
=653  \\$aEmbodiment.
=655  \7$aPerformance.$2nyu-hidvl
=655  \7$aDance.$2nyu-hidvl
=655  \7$aContemporary dance.$2nyu-hidvl
=655  \7$aExperimental dance.$2nyu-hidvl
=700  1\$aVázquez, Viveca.$4cre$4drt
=700  1\$aDávila Valero, Patricia.$4prf
=700  1\$aLangevin, Karen.$4prf
=700  1\$aLantigua, Vesna.$4prf
=710  2\$aAndanza (Dance company)$4prf
=710  2\$aHemispheric Institute Digital Video Library.
=830  \0$aViveca Vázquez collection.
=856  40$uhttp://hdl.handle.net/2333.1/s4mw6nt8

