=LDR  02694ngm  2200433   4500
=001  004094013
=005  20150202170325.0
=006  m\\\\\\\\c\\\\\\\\
=007  cr\cna|||m|||a
=007  cr\|||||||||||
=008  150118e20030707nyu104\\\\\\\\s\\\vlspa\d
=024  7\$aHI2013_056_01$2nyu-hidvl
=024  7\$aHI2013_057_01$2nyu-hidvl
=040  \\$aNNU$beng$cNNU
=041  0\$aspa$aeng
=245  00$aVirgin cabaret$h[videorecording] /$cHemispheric Institute of Performance and Politics, producer.
=260  \\$c2003 July 7 and 12.
=300  \\$3viewing copy.$astreaming video (103 min., 26 sec.: pt.1: 60 min., 47 sec.; pt.2: 42 min., 39 sec.) :$bsd., col.
=500  \\$aPart of the Hemispheric Institute Digital Video Library.
=500  \\$aTitle supplied by the Hemispheric Institute.
=511  1\$aCarmelita Tropicana, Susana Cook, Angeles Romero, Roberto and Lian Sifuentes, Edmundo Torres, Marga Gómez Marianela Boán, performers.
=518  \\$aPerformed in New York City, on July 7 and 12, 2003, as part of the Spectacles of Religiosities Seminar, Hemispheric Institute of Performance and Politics, New York University, July 5-12, 2003.
=520  \\$aCarmelita Tropicana is the Emcee of the ‘Virgin Cabaret’ during the Hemispheric Institute 4th Encuentro ‘Spectacles of Religiosities’ held at New York University in 2003. This cabaret offers artists and participants a chance to ‘come as their favorite virgin,’ in a play on religion, sexuality, and the prevailing belief in miracles. The cabaret included ‘Sermon of Seven or More Words’ by Susana Cook, ‘On the Immaculate Conception of a Flower’ by Angeles Romero, ‘The Virgin of Perpetual Security’ by Roberto and Lian Sifuentes, and presentations by Edmundo Torres and Marga Gómez.
=534  \\$pMedia source original:$e2 videocassettes (Mini DV) : sd., col. ; 1/4 in. SP.$mSony Premium DVM60-ME
=540  \\$aThere are copyright restrictions on this collection. For more information, go to the online version of this video.
=546  \\$aIn Spanish and English.
=650  \0$aMulticulturalism.
=650  \0$aReligion and politics.
=650  \0$aVirgins$xReligious aspects.
=650  \0$aVirginity in art.
=650  \0$aWomen in the performing arts.
=653  \\$aBody politics.
=655  \7$aPerformance.$2nyu-hidvl
=655  \7$aCabaret.$2nyu-hidvl
=710  2\$aHemispheric Institute of Performance and Politics.$4pro
=710  2\$aHemispheric Institute Digital Video Library.
=711  2\$aHemispheric Institute Encuentro$n(4th :$d2003 :$cNew York, N.Y.).$tSpectacles of Religiosities.
=856  40$uhttp://hdl.handle.net/2333.1/5x69pbp7

