=LDR  06574cga a2200733 a 4500
=001  000028627
=003  NNU
=004  NYUb13605896
=005  20080418165710.0
=006  m\\\\\\\\z\\\\\\\\
=007  vd\cvaizu
=007  vf\ciahou
=007  cr\cna
=007  cr\|||||||||||
=008  080418e200411uuag\080\\\\\\\\\\\\vlspa\d
=024  7\$aHI2007_218_01$2nyu-hidvl
=024  7\$aHI2007_219_01$2nyu-hidvl
=024  7\$aHI2007.218_01$2nyu-hidvl
=040  \\$aNNU$cNNU$eamim
=041  0\$aspa
=043  \\$as-ag---
=245  00$aVenimos de muy Lejos$h[videorecording].
=260  \\$c2004 Nov.
=300  \\$3master.$a2 videocassettes of 2 (Digital Betacam) (80 min.) :$bsd., col. ;$c1/2 in.
=300  \\$3viewing copy.$a2 videodiscs of 2 (DVD) (80 min. : pt.1, 62 min. ; pt.2, 18 min.) :$bsd., col. ;$c4 3/4 in.
=490  1\$aGrupo de Teatro Catalinas Sur collection
=530  \\$aAlso available online as streaming video.
=546  \\$aIn Spanish.
=500  \\$aTitle supplied by Hemispheric Institute.
=500  \\$aPart of the Hemispheric Institute Digital Video Library.
=534  \\$pMedia source original:$e2 videocassettes of 2 (Mini DV) : sd., col. ; 1/4 in. SP.$mSony DVM60.
=518  \\$aPerformed at Galpón de Catalinas, La Boca, Buenos Aires, Argentina, in Nov. 2004.
=508  \\$aGrupo de Teatro Catalinas Sur, producer, collective creation, songs & lyrics ; Adhemar Bianchi, director ; Stella Giaquinto, director ; Andrea Salvemini, vocal director ; Nora Mouriño, assistant director ; Gabriela Guastavino, production assistant ; Cristina Ghione, musical arrangements ; Claudia Tomsing, costume consultant ; Elena Dressler, costume assistant ; Omar Gasparini, Ana Serralta, sets ; Lucas Gasparini, lighting.
=511  1\$aGrupo de Teatro Catalinas Sur, Abril Bertoglio, Alfredo Iriarte, Ana Magliola, Analía Vera, Andrea García, Andrés Martiné, Azul Silveira, Carina Franco, Cecilia Morelli, Cecilia Ortelli, Celia Molina, Celina García, Claudia Osuna, Cristian Pereyra, Cristina Iharur, Cristina Laraya, Cristina Paravano, Daniel García, Delfina Pereyra, Diana González, Diego Lorenzi, Edgardo Ibáñez, Eduardo Bertoglio, Eduardo Martiné, Eduardo Pardavila, Elena Dressler, Enriqueta Romero, Esther Fernández, Fabio Abalsamo, Gabriela Mora, Gabriela Guastavino, Georgino Silveira, Gilda Arteta, Gonzalo Acuña, Gonzalo Guevara, Graciela Saumel, Gris Yapur, Hernán Julianelli, Ia Arteta, Ilda Silva, Ivonne Correa, Jorge Aizenberg, Jorge Goicochea, Juan Carlos Vaquero, Laura Casalnuovo, Laureano Fernández, Liliana Vasallo, Lourdes Cetrángolo, Lucía Cidale, Marcela Francioli, Marcelo Velázquez, María Luisa Desiano, Mariela Campastri, Mariela Ruibal, Mario Martínez, Martín Otaño, Michele Utard, Natalia Castesana, Natalia Reitano, Nicolás Paszcowicz, Nora Mouriño, Omar Musis, Pablo Bondarevsky, Pablo Caiano, Paola Zacarías, Patricia Santoyani, Paula Castesana, Pedro Palacios, Roberto Cidale, Silvia Vilela, Silvia Martínez, Solange Veneziani, Stella Maris Aguirre, Susana García, Teresa Ponce, Tomás Pérez, Verónica Sabán, Violeta Aberbuj, Viviana Beato, Ximena Bianchi.
=520  \\$a'Venimos de muy lejos' pays homage to the immigrant ancestors of the people of the neighborhood of La Boca, in Buenos Aires, Argentina. The piece is less an anthropological or historical portrait of an era than a theatrical celebration of a neigborhood's collective memory, a carnivalesque depiction of fictional characters from the bit and pieces of real and fictional stories, legends and traditions of the 'Old Countries' that still haunt and feed the neighborhood's collective imaginary. The piece is, as theater group Catalinas Sur points out, a tribute to their ancestor's hopes, sufferings and yearnings as uprooted migrants, to the solidarity and daily toils at play in the neighborhood's public spaces, to the joy of their songs and their celebrations, to their love and their struggle for survival. The idea of Grupo de Teatro Catalinas Sur (www.catalinasur.com.ar) came to life during a neighborhood barbeque held by a school's parents association in 1983. It was during the time of Argentina's military dictatorship, which stifled popular expression, and the theater group used its community service as a form of resistance that strengthened feelings of solidarity and mutual binding. The group remains rooted in its Buenos Aires neighborhood, even as its membership and fame has grown, performing in a converted warehouse. Catalinas Sur members are acknowledged followers of the traditional artistic forms performed in the quarter which has been the birthplace of the popular arts: puppeteers, musicians, actors, artists originating from the old continent or from Latin America and who mingled their art, like a crucible, with the neighborhood. Firm believers that society can be changed by teamwork and a sense of community, Catalinas Sur has created more than 20 plays and, sweeping aside all false generation gaps, has now over 300 actors. In their own words, 'with the advent of this globalized and inhumane millennium, we are attempting, through the theater, to remember the value of our individual and collective histories, and revive the memory that believed and believes in a better world.'
=540  \\$aThere are copyright restrictions on this collection. For more information, go to the online version of this video.
=650  \0$aCommunity theater.
=650  \0$aTheater$zArgentina.
=651  \0$aBoca (Buenos Aires, Argentina)
=651  \0$aArgentina$xEmigration and immigration.
=655  \7$aPerformance.$2nyu-hidvl
=655  \7$aTheater.$2nyu-hidvl
=655  \7$aArgentinean theater.$2nyu-hidvl
=655  \7$aCommunity theater.$2nyu-hidvl
=655  \7$aPopular theater.$2nyu-hidvl
=655  \7$aCollective creation.$2nyu-hidvl
=700  1\$aBianchi, Adhemar.$4drt
=700  1\$aGiaquinto, Stella.$4drt
=700  1\$aSalvemini, Andrea.$4drt
=700  1\$aMouriño, Nora.$4drt
=700  1\$aGuastavino, Gabriela.$4prd
=710  2\$aGrupo de Teatro Catalinas Sur.$4pro$4cre$4mus
=710  2\$aHemispheric Institute Digital Video Library.
=830  \0$aGrupo de Teatro Catalinas Sur collection
=856  40$uhttp://hdl.handle.net/2333.1/xksn037d
=853  00$81$apt.
=863  50$81.1$a1$p31142047203024
=863  50$81.2$a2$p31142047203032
=954  \\$81$aVolumes

