=LDR  04717cgm a22006375a 4500
=001  000512630
=003  NNU
=004  NYUb13501121
=005  20100222125005.0
=006  m\\\\\\\\z\\\\\\\\
=007  vd\cvaizu
=007  vf\ciahou
=007  cr\cna|||m|||a
=007  cr\|||||||||||
=008  070531e200405uupr\080\\\\\\\\\\\\vlspa\d
=024  7\$aHI2006_156_01$2nyu-hidvl
=024  7\$aHI2006.156_01$2nyu-hidvl
=035  \\$a(NYU)NYUb13501121
=040  \\$aNNU$cNNU$eamim
=041  0\$aspa
=043  \\$anwpr---
=245  00$aAh-mén$h[videorecording] /$cwritten and directed by Javier Cardona.
=246  3\$aAhmén
=260  \\$c2004 May.
=300  \\$3viewing copy.$a1 videodisc of 1 (DVD) (80 min.) :$bsd., col. ;$c4 3/4 in.
=300  \\$3master.$a1 videocassette of 1 (Digital Betacam) (80 min.) :$bsd., col. ;$c1/2 in.
=490  1\$aJavier Cardona collection
=530  \\$aAlso available online as streaming video.
=546  \\$aIn Spanish.
=500  \\$aTitle supplied by Hemispheric Institute.
=500  \\$aPart of the Hemispheric Institute Digital Video Library.
=534  \\$pMedia source original:$e1 videocassette of 1 (Mini DV) : sd., col. ; 1/4 in. SP.$mPanasonic DVM80.
=518  \\$aPerformed in San Juan, Puerto Rico, in May 2004.
=508  \\$aJavier Cardona, writer, producer, director, choreographer, photographs ; Taller de Otra Cosa, Inc., producer ; Miguel Villafañe, Ricardo Alcaraz, photographs ; Gisela Rosario, Miguel Villafañe, video ; Beliza Torres Narváez, production assistant ; Gisela Rosario, stage manager ; Checo Cuevas, lighting design ; Tamara Walker, lighting assistant ; David Rubio, sound editing ; Javier Cardona, Letty Osorio, costumes.
=511  1\$aJavier Cardona, Eduardo Alegría, José R. ('Pepe') Álvarez (dancer), Yamil Collazo, Lidy Paoli López, Jesús Miranda.
=520  \\$aJavier Cardona is a Puerto Rican dancer/actor and pedagogue. Trained on Puerto Rico within the graphic-dramatic experimental Project Los Teatreros Ambulantes de Cayey of the University of Puerto Rico under the artistic direction of pedagogues/artists Rosa Luisa Márquez and Antonio Martorell, Javier has also worked and trained with renowned international theater artists like Miguel Rubio (Grupo Cultural Yuyachkani, Peru), Osvaldo Dragún (Argentina, EITALC), Augusto Boal (Theater of the Oppressed, Brazil), and Peter Schumman (Bread and Puppet Theater, United States). Through his experiences in theater, Javier explores experimental dance, training with Gloria Llompart and Viveca Vázquez in Puerto Rico, as well as dancing with choreographers Sally Silvers and Jennifer Monson in New York City. He has worked in community-based theater educational programs, and is a member of the Taller de Otra Cosa, a collaborative cultural organization that promotes artistic educational programs in communities and the development of experimental performing arts events. As a choreographer and director, Javier explores issues of gender and race, rooted in his experiences as an Afro Puerto Rican queer artist working in Caribbean, Latin American and American societies. His dance/theater piece 'Ah-mén', created in 2004, is an exploration of masculinity as a social construct. Through the recreation of visual, verbal and bodily texts, six dancer/actors perform the intricate networks of prescription, transmission and enforcement of normative masculinity as maintained by social institutions such as family, church, school and the state. By rendering evident the dynamics of power and violence linked to notions and expectations of masculinity in our collective unconscious, the performers provoke the audience to re-think our preconceptions of what means to 'be a man'.
=540  \\$aThere are copyright restrictions on this collection. For more information, go to the online version of this video.
=650  \0$aPerforming arts$zPuerto Rico.
=650  \0$aMasculinity$zPuerto Rico.
=650  \0$aMasculinity$xSocial aspects$zPuerto Rico.
=650  \0$aGender identity$zPuerto Rico.
=650  \0$aGender$xSocial aspects$zPuerto Rico.
=653  \\$aGender and society
=653  \\$aGender and performance
=655  \7$aPerformance.$2nyu-hidvl
=655  \7$aDance.$2nyu-hidvl
=655  \7$aTheater.$2nyu-hidvl
=700  1\$aCardona, Javier.$4aut$4pro$4drt$4chr
=710  2\$aTaller de Otra Cosa, Inc.$4pro
=710  2\$aHemispheric Institute Digital Video Library.
=830  \0$aJavier Cardona collection.
=856  40$uhttp://hdl.handle.net/2333.1/0vt4b8nq

