=LDR  04340cgm  22006615a 4500
=001  000505870
=003  NNU
=004  NYUb13493783
=005  20080208180509.0
=006  m\\\\\\\\z\\\\\\\\
=007  vd\cvaizu
=007  vf\ciahou
=007  cr\cna
=007  cr\|||||||||||
=008  070503e200407uunyu053\\\\\\\\\\\\vleng\d
=024  7\$aHI2006_061_01$2nyu-hidvl
=024  7\$aHI2006.061_01$2nyu-hidvl
=040  \\$aNNU$cNNU$eamim
=043  \\$an-us-ny
=245  00$a100 years of attitude$h[videorecording].
=246  3\$aOne hundred years of attitude
=260  \\$c2004 July.
=300  \\$a1 videocassette of 1 (Digital Betacam) (53 min.) :$bsd., col. ;$c1/2 in.$3master.
=300  \\$a1 videodisc of 1 (DVD) (53 min.) :$bsd., col. ;$c4 3/4 in.$3viewing copy.
=490  1\$aSusana Cook collection
=530  \\$aAlso available online as streaming video.
=500  \\$aTitle supplied by Hemispheric Institute.
=500  \\$aPart of the Hemispheric Institute Digital Video Library.
=534  \\$pMedia source original:$e1 videocassette of 1 (Mini DV) : sd., col. ; 1/4 in. SP.$mSony DVM60.
=518  \\$aPerformed at Dixon Place, New York City, in July 2004.
=508  \\$aSusana Cook, producer, writer, director ; Julian Mesri, videographer, sound design ; Lucy Mackinnon, video art.
=511  1\$aSusana Cook, Simba, D'Lo, Lisa Haas, Yangala, Migdalia Jimenez, Bob Allotta, Annie Lanzillotto, Audrey Kindred, Marisa Ragonese, Riley Snorton, Mistah.
=520  \\$aSusana Cook (www.susanacook.com) is a New York-based Argentinean theater and performance artist. Mainly directed to queer and Latino communities in New York City, Cook's work also encompasses a heated response to broader State policies that oppress communities defined in the intersection of race, gender, and class. In her shows, Cook parodies discourses of power, drawing attention to the close ties between the state, religious and political conservatism, and the military. Cook's plays usually feature all-women casts that defy the normative performance of gender, race, and sexuality. '100 years of Attitude' mocks the title of the Latin American novel 'One Hundred Years of Solitude' by Gabriel García Márquez. The play approaches the theme of execution, imperialism, invasion, and colonialism making several explicit references to the war in Afghanistan, the invasion of Iraq, and the official discourse of the US president George W. Bush's administration regarding the role of the United States in the international context. The play talks about the end of the world as a subjective experience, that is captured in the following sentence: 'When everybody around you is dying... that's the end of the world.' In the piece, a Christian executioner prays before killing and an American family comes to live in town taking over the local homes. The people of this fictional lesbian town are executed several times, always coming back to life; the life of a community prevails over that of the individual. Some other themes that appear in the show, that are a constant in Cooks work, are the theme of the 'Hero' - through references to Odysseus - and the corrupting effect of power.
=540  \\$aThere are copyright restrictions on this collection. For more information, go to the online version of this video.
=600  10$aGarcía Márquez, Gabriel,$d1928-$tCien años de soledad$vAdaptations.
=650  \0$aWar.
=650  \0$aPolitics and war.
=651  \0$aUnited States$xForeign relations.
=650  \0$aSocial classes.
=650  \0$aIdentity (Psychology)
=653  \\$aIdentity politics
=653  \\$aQueer/Gay/Lesbian
=653  \\$aPolitical performance
=653  \\$aUnited States foreign policy
=655  \7$aPerformance.$2nyu-hidvl
=655  \7$aTheater.$2nyu-hidvl
=655  \7$aQueer/Gay/Lesbian performance.$2nyu-hidvl
=700  1\$aCook, Susana.$4pro$4aut$4drt$4prf
=700  1\$aMesri, Julian.$4vdg$4oth
=700  1\$aMackinnon, Lucy.$4art
=710  2\$aHemispheric Institute Digital Video Library.
=830  \0$aSusana Cook collection.
=856  40$uhttp://hdl.handle.net/2333.1/h9w0vtbh

