=LDR  05686cga a2200685 a 4500
=001  000029207
=003  NNU
=004  NYUb13605877
=005  20080418162005.0
=006  m\\\\\\\\z\\\\\\\\
=007  vd\cvaizu
=007  vf\ciahou
=007  cr\cna
=007  cr\|||||||||||
=008  080418s2004\\\\ec\078\\\\\\\\\\\\vlspa\d
=024  7\$aHI2007_215_01$2nyu-hidvl
=024  7\$aHI2007_216_01$2nyu-hidvl
=024  7\$aHI2007.215_01$2nyu-hidvl
=035  \\$a(NYU)NYUb13605877
=040  \\$aNNU$cNNU$eamim
=041  0\$aspa
=043  \\$as-ec---
=245  00$aMalayerba$h[videorecording] :$b25 años de teatro.
=260  \\$c2004.
=300  \\$3master.$a2 videocassettes of 2 (Digital Betacam) (78 min.) :$bsd., col. ;$c1/2 in.
=300  \\$3viewing copy.$a2 videodiscs of 2 (DVD) (78 min. : pt.1, 62 min. ; pt.2, 16 min.) :$bsd., col. ;$c4 3/4 in.
=490  1\$aMalayerba collection
=530  \\$aAlso available online as streaming video.
=546  \\$aIn Spanish.
=500  \\$aTitle supplied by Hemispheric Institute.
=500  \\$aPart of the Hemispheric Institute Digital Video Library.
=534  \\$pMedia source original:$e2 videocassettes of 2 (Mini DV) : sd., col. ; 1/4 in. SP.$mPanasonic DVM60.
=518  \\$aRecorded in Quito, Ecuador, in 2004.
=508  \\$aGrupo de Teatro Malayerba, producer, creator ; Diego Bolaños, video.
=511  0\$aMaría del Rosario 'Charo' Francés, interviewee ; Arístides Vargas, interviewee.
=520  \\$a'Malayerba: 25 años de teatro' is a documentary prepared by this Ecuadorian theater ensemble as an overview of the first 25 years of artistic trajectory. Weaving interviews with founding members and artistic directors María del Rosario 'Charo' Francés and Arístides Vargas, and illustrated through video and photo documentation, the documentary portrays the history and creative coordinates of the Grupo Malayerba, the presence of exile as life experience and creative motif, their constant investigation of theater theory and practices, their development of a distinctive dramaturgy of the actor, the playwright and the director, as well as the collaborative processes of artistic creation with local and international artists. Renowned plays by the group, like 'La Fanesca,' 'Jardín de Pulpos,' 'Pluma y la tempestad,' 'Nuestra Señora de las Nubes,' 'El deseo más canalla,' 'La muchacha de los libros usados,' and 'Donde el viento hace buñuelos' are featured in this video, commented on by Francés and Vargas and contextualized in the bigger picture of the outstanding theater work by Ecuador's most important theater group. The Grupo de Teatro Malayerba (teatromalayerba.org) was founded in Quito in 1979 by Arístides Vargas, Susana Pautasso and María del Rosario 'Charo' Francés, immigrant actors originally from Argentina and Spain. From the start, Malayerba included actors with various backgrounds and nationalities, invested in the exploration of the rich cultural diversity and complex history of Ecuador, as well as issues of migration, exile, political violence and individual and collective memory. With over 25 years of ongoing theater practice and more than 20 plays performed locally and internationally for a diverse audience, Malayerba is committed to theater pedagogy and experimentation, artistic collaboration, and community building. They have represented Ecuador in national and international theater festivals; they have also collaborated with theater groups within Ecuador and in other countries, and performed for both film and television, while engaging in community work in Quito. In 1989 the group created the Laboratorio Malayerba, committed to the training of generations of young Ecuadorian actors and to an ongoing investigation of theories and practices of experimental theater. In 2001 Malayerba launched the theater journal 'Hoja de Teatro,' conceived as a forum for the theorization, criticism and dissemination of Ecuadorian theater practices. The group also runs a theater house, the Casa Malayerba, which houses the Laboratory as well as a theater with seating capacity for seventy people. Malayerba approaches theater making as an artistic, ethical and technical realm where to engage in meaningful creative experiences through which to understand, assume and confront current sociopolitical processes. In working together, actors with various backgrounds and nationalities have shown that a multicultural blend is not only possible but also enriching, as differences lead to new identities, embodiments of dreams, memories, absences and pains that are at once local and universal.
=540  \\$aThere are copyright restrictions on this collection. For more information, go to the online version of this video.
=600  10$aFrancés, Charo$vInterviews.
=600  10$aVargas, Arístides,$d1954-$vInterviews.
=610  20$aGrupo de Teatro Malayerba.
=650  \0$aTheater$zEcuador.
=650  \0$aExperimental theater$zEcuador.
=653  \\$aLatin American theater
=655  \7$aDocumentary.$2nyu-hidvl
=655  \7$aInterview.$2nyu-hidvl
=700  1\$aFrancés, Charo.$4ive
=700  1\$aVargas, Arístides,$d1954-$4ive
=700  1\$aBolaños, Diego.$4vdg
=710  2\$aGrupo de Teatro Malayerba.$4pro$4cre
=710  2\$aHemispheric Institute Digital Video Library.
=830  \0$aMalayerba collection
=856  40$uhttp://hdl.handle.net/2333.1/612jm6cp
=853  00$81$apt.
=863  50$81.1$a1$p31142047202992
=863  50$81.2$a2$p31142047203008
=954  \\$81$aVolumes

