=LDR  03421ngm  2200457   4500
=001  004093976
=005  20150118174848.0
=006  m\\\\\\\\c\\\\\\\\
=007  cr\cna|||m|||a
=007  cr\|||||||||||
=008  150117s2004\\\\ck\071\\\\\\\\s\\\vlspa\d
=024  7\$aHI2013_045_01$2nyu-hidvl
=024  7\$aHI2013_046_01$2nyu-hidvl
=040  \\$aNNU$beng$cNNU
=041  0\$aspa
=245  00$aNayra$h[videorecording] :$bla memoria /$cTeatro La Candelaria, creator ; Santiago García, director.
=260  \\$c2004.
=300  \\$3viewing copy.$astreaming video (70 min., 32 sec.: pt.1, 49 min., 18 sec.; pt.2, 21 min., 14 sec.) :$bsd., col.
=490  1\$aTeatro La Candelaria collection
=500  \\$aPart of the Hemispheric Institute Digital Video Library.
=500  \\$aTitle supplied by the Hemispheric Institute.
=511  1\$aTeatro La Candelaria ensemble, performers.
=518  \\$aPerformed at the Teatro La Candelaria, in Bogotá, Colombia in 2004.
=520  \\$aNayra is collective creation of La Candelaria that explores the unconscious and the popular worldview about health, death, and displacement. 'Nayra' is an Aymara word that means 'eye,' but can also mean 'ancestors,' 'memory' and 'vision.' Director Santiago García describes the piece as 'an exploration of our myths and legends as both Colombians and Latin Americans.' This piece enacts a time/space of assemblages that address the quest for connections more than the connections per se. By the end of the piece, mirrors blow to pieces, thus recalling not only a fragmented shared memory, but also a country crushed by violence.
=520  \\$aLa Candelaria was founded in 1966 by a group of independent artists and intellectuals who came from experimental theater and the broader Colombian cultural movement. Directed by Santiago García, La Candelaria is one of Colombian theater's most innovative agents, modernizing national drama while addressing popular audiences. By means of an ongoing exploration of national folklore, situations and characters, they have created some of Colombia's most compelling plays, some of them through the method of 'creación colectiva' ('collective creation'), addressing the acute social and political problems of their society. At the same time, they fostered the creation of Corporación Colombiana del Teatro and have developed a number of theoretical works that reflect upon dramatic creation, its methods and languages. Still nowadays, La Candelaria is committed to repertoire, experimentation, and discussion as fundamental elements to artistic creation.
=534  \\$pMedia source original:$e2 videocassettes (Mini DV) : sd., col. ; 1/4 in. SP.$mPanasonic DVM60
=540  \\$aThere are copyright restrictions on this collection. For more information, go to the online version of this video.
=546  \\$aIn Spanish.
=650  \0$aTheater$zColombia.
=650  \0$aPolitical violence$zColombia.
=650  \0$aMemory$xSocial aspects$zLatin America.
=653  \\$aCreación colectiva
=655  \7$aPerformance.$2nyu-hidvl
=655  \7$aTheater.$2nyu-hidvl
=655  \7$aCollective creation.$2nyu-hidvl
=700  1\$aGarcía, Santiago.$4drt
=710  2\$aGrupo La Candelaria.$4cre
=710  2\$aHemispheric Institute Digital Video Library.
=830  \0$aTeatro La Candelaria collection.
=856  40$uhttp://hdl.handle.net/2333.1/xsj3v0r6

