=LDR  04197cgm a2200769 a 4500
=001  000549798
=003  NNU
=004  NYUb13541660
=005  20080410144327.0
=006  m\\\\\\\\z\\\\\\\\
=007  vd\cvaizu
=007  vf\ciahou
=007  cr\cna
=007  \\vd
=007  cr\|||||||||||
=008  071004e20040521pr\070\\\\\\\\\\\\vlspa\d
=024  7\$aHI2007_189_01$2nyu-hidvl
=024  7\$aHI2007_190_01$2nyu-hidvl
=024  7\$aHI2007.189_01$2nyu-hidvl
=035  \\$a(NYU)NYUb13541660
=040  \\$aNNU$cNNU$eamim
=041  0\$aspa
=043  \\$anwpr---
=245  00$aUbú Rey$h[videorecording].
=246  31$aKing Ubu
=246  3\$aUbu Roi
=260  \\$c2004 May 21.
=300  \\$3master.$a2 videocassettes of 2 (Digital Betacam) (70 min.) :$bsd., col. ;$c1/2 in.
=300  \\$3viewing copy.$a2 videodiscs of 2 (DVD) (70 min. : pt.1, 57 min. ; pt.2, 13 min.) :$bsd., col. ;$c4 3/4 in.
=490  1\$aDeborah Hunt / MASKHUNT collection.
=530  \\$aAlso available online as streaming video.
=546  \\$aIn Spanish.
=500  \\$aTitle supplied by Hemispheric Institute.
=500  \\$aPart of the Hemispheric Institute Digital Video Library.
=534  \\$pMedia source original:$e2 videocassettes of 2 (Mini DV) : sd., col. ; 1/4 in. SP.$mPanasonic DVM60.
=518  \\$aPerformed at Teatro Estudio Yerbabruja, Río Piedras, Puerto Rico, on May 21, 2004.
=508  \\$aDeborah Hunt, producer, director, puppets & masks ; MASKHUNT, Inc., producer ; Alfred Jarry, original text ; Deborah Hunt and MASKHUNT performers, text adaptation ; Rafael Acevedo, songs & translation ; Francisco Iglesias, puppets ; Guie Beeu Guerrero, videographer.
=511  1\$aRafael Acevedo, Deborah Hunt, Francisco Iglesias, Eugenio Monclova.
=520  \\$aThese are Ubu times. Greed, power mongering, conspiracy, personal ambition and opportunism, persecution, absurd and inhuman carnage, treachery and war all resonate with the actions of the political world leaders today. Yes, says Deborah Hunt, it was time to perform Ubu Roi. With puppets. With masks. With small boats that become aircraft carriers and Ubu with his friends...Bush...Rumsfeld...Rice... Deborah Hunt is a maskmaker, puppeteer and performance artist with 35 years experience in the creation and presentation of original theater and performance works. She has worked in New Zealand, USA, England, Mexico, Central America, Puerto Rico, British Windward Islands, Argentina, Denmark, Norway, Belgrade, Venezuela, Cuba, Spain, Singapore, Australia, and has been working bilingually (English/Spanish) since 1985. Hunt also teaches puppetry and maskwork, offering intensive laboratories lasting from a weekend to nine-months long. Born in New Zealand, residing in Puerto Rico since 1990, she is a member of the Magdalena Project and the Founder and Artistic Director of MASKHUNT Inc, theater of the futile.
=540  \\$aThere are copyright restrictions on this collection. For more information, go to the online version of this video.
=600  10$aJarry, Alfred,$d1873-1907.$tUbu roi$vAdaptations.
=650  \0$aPerforming arts$zPuerto Rico.
=650  \0$aPuppet theater$zPuerto Rico.
=650  \0$aMask makers$zPuerto Rico.
=650  \0$aExperimental theater$zPuerto Rico.
=650  \0$aUbu (Fictitious character)
=650  \0$aDespotism.
=655  \7$aPerformance.$2nyu-hidvl
=655  \7$aTheater.$2nyu-hidvl
=655  \7$aMask performance.$2nyu-hidvl
=655  \7$aPuppet theater.$2nyu-hidvl
=655  \7$aExperimental theater.$2nyu-hidvl
=655  \7$aPolitical theater.$2nyu-hidvl
=700  1\$aHunt, Deborah.$4pro$4drt$4cst$4adp$4prf
=700  1\$aJarry, Alfred,$d1873-1907$tUbu roi.$4aut
=710  2\$aMASKHUNT, Inc.$4pro$4adp
=710  2\$aHemispheric Institute Digital Video Library.
=830  \0$aDeborah Hunt / MASKHUNT collection.
=853  00$81$apt.
=863  50$81.1$a1$p31142046116300
=863  50$81.2$a2$p31142046116318
=856  40$uhttp://hdl.handle.net/2333.1/ksn02vh8
=954  \\$81$aVolumes

