=LDR  05540cgm a2200757 a 4500
=001  000540452
=003  NNU
=004  NYUb13531607
=005  20080509172231.0
=006  m\\\\\\\\z\\\\\\\\
=007  vd\cvaizu
=007  vf\ciahou
=007  cr\cna
=007  cr\|||||||||||
=008  070508e20040501pr\065\\\\\\\\\\\\vlspa\d
=024  7\$aHI2007_092_01$2nyu-hidvl
=024  7\$aHI2007_093_01$2nyu-hidvl
=024  7\$aHI2007.092_01$2nyu-hidvl
=035  \\$a(NYU)NYUb13531607
=040  \\$aNNU$cNNU$eamim
=041  0\$aspa
=043  \\$anwpr---
=245  00$aDonde el viento hace buñuelos$h[videorecording].
=260  \\$c2004 May 1.
=300  \\$3master.$a2 videocassettes of 2 (Digital Betacam) (65 min.) :$bsd., col. ;$c1/2 in.
=300  \\$3viewing copy.$a2 videodiscs of 2 (DVD) (65 min. : pt.1, 23 min. ; pt.2, 42 min.) :$bsd., col. ;$c4 3/4 in.
=490  1\$aRosa Luisa Márquez and theater collaborators
=530  \\$aAlso available online as streaming video.
=546  \\$aIn Spanish.
=500  \\$aTitle supplied by Hemispheric Institute.
=500  \\$aPart of the Hemispheric Institute Digital Video Library.
=534  \\$pMedia source original:$e2 videocassettes of 2 (Mini DV) : sd., col. ; 1/4 in. SP.$mTDK DVM60.
=518  \\$aPerformed at Jardín Botánico, Río Piedras, Puerto Rico, on May 1, 2004.
=508  \\$aUniversity of Puerto Rico, producer ; Suda-k-ribe, producer ; Rosa Luisa Márquez, producer ; Arístides Vargas, director, writer ; Antonio Martorell, set design ; María Pilar Aponte, music ; Miguel Villafañe, videographer ; Gerson Guerra, Checo Cuevas, Ariel Cuevas, set & lighting ; Carola García, stage manager.
=511  1\$aCharo Francés, Rosa Luisa Márquez, María Pilar Aponte ; Arístides Vargas, introducer.
=520  \\$aRosa Luisa Márquez (www.marquezmartorell.org) is a Puerto Rican theater artist and pedagogue. Founding member of the theater group Anamú in 1971, she holds a Master's degree from New York University and a Doctorate from Michigan State University; she specializes in contemporary theater. Rosa Luisa started her teaching career at the Theater department of the University of Puerto Rico in 1978. She developed the current curriculum of Drama Activities, which she teaches in her workshops at schools, prisons, rehab centers, women's shelters, nursing homes and community centers. Her directing projects include 'Romeo(s) y Julieta(s),' 'Historias para ser Contadas,' 'La Leyenda del Cemí,' 'Procesión,' 'Waiting for Godot,' 'Jardín de Pulpos,' 'Absurdos en Soledad,' 'El León y la Joya,' among others. In conjunction with Puerto Rican visual artist Antonio Martorell, she created the concept of Itinerant Performers (1987-1990) resulting in twelve productions. Published books include 'Brincos y saltos: el juego como disciplina teatral' and 'Historias para ser contadas, montaje de Rosa Luisa Márquez.' She is a member of the board of directors and pedagogical team for the EITALC's International School of Latin American and Caribbean Theater. Ongoing artistic collaborators include Gilda Navarra and Antonio Martorell (Puerto Rico), Grupo Malayerba (Ecuador), Grupo Yuyachkani (Peru), and directors Peter Shumann (Bread & Puppet Theater, U.S.A.) and Augusto Boal (Theater of the Oppressed, Brazil). 'Donde el Viento Hace Buñuelos' crystallizes an ongoing collaboration process between Ecuadorian theater ensemble Grupo de Teatro Malayerba and Puerto Rican artists Rosa Luisa Márquez and Antonio Martorell. Collaboratively created through the improvisational input of actresses María del Rosario 'Charo' Francés and Rosa Luisa Márquez, the directorial and dramaturgical vision of Arístides Vargas, and the visual and spatial transformations of Antonio Martorell, 'Buñuelos' portrays the multiple encounters of two friends in time and space. Between life and death, memories and games, Catalina and Miranda weave their relationship, a virtual motherland amidst political and emotional exile. Music by Puerto Rican artist María Pilar Aponte (who performs an enigmatic character, an Angel of Death of sorts) complements their journey.
=540  \\$aThere are copyright restrictions on this collection. For more information, go to the online version of this video.
=650  \0$aExperimental theater$zPuerto Rico.
=650  \0$aTheater$zPuerto Rico.
=650  \0$aFemale friendship.
=653  \\$aLatin American theater
=653  \\$aCollaborative creation
=655  \7$aPerformance.$2nyu-hidvl
=655  \7$aTheater.$2nyu-hidvl
=655  \7$aExperimental theater.$2nyu-hidvl
=655  \7$aCollective creation.$2nyu-hidvl
=655  \7$aLatin American theater.$2nyu-hidvl
=700  1\$aMárquez, Rosa Luisa.$4pro$4prf
=700  1\$aVargas, Arístides,$d1954-$4drt$4aut
=700  1\$aMartorell, Antonio,$d1939-$4std
=700  1\$aAponte, María Pilar.$4mus$4prf
=700  1\$aFrancés, Charo.$4prf
=710  2\$aGrupo de Teatro Malayerba.
=710  2\$aUniversity of Puerto Rico (Río Piedras Campus)$4pro
=710  2\$aSuda-k-ribe.$4pro
=710  2\$aHemispheric Institute Digital Video Library.
=830  \0$aRosa Luisa Márquez and theater collaborators.
=856  40$uhttp://hdl.handle.net/2333.1/cjsxkswj
=853  00$81$apt.
=863  50$81.1$a1$p31142045977397
=863  50$81.2$a2$p31142045977405
=954  \\$81$aVolumes

