=LDR  05209cgm a22007215a 4500
=001  000513548
=003  NNU
=004  NYUb13502221
=005  20071210173429.0
=006  m\\\\\\\\z\\\\\\\\
=007  vd\cvaizu
=007  vf\ciahou
=007  cr\cna
=007  cr\|||||||||||
=008  070605e200409uunyu062\\\\\\\\\\\\vleng\d
=024  7\$aHI2007_004_01$2nyu-hidvl
=024  7\$aHI2007.004_01$2nyu-hidvl
=035  \\$a(NYU)NYUb13502221
=040  \\$aNNU$cNNU$eamim
=043  \\$an-us-ny$an-us---
=245  00$aBack to school show$h[videorecording].
=260  \\$c2004 Sept.
=300  \\$3master.$a1 videocassette of 1 (Digital Betacam) (62 min.) :$bsd., col. ;$c1/2 in.
=300  \\$3viewing copy.$a1 videodisc of 1 (DVD) (62 min.) :$bsd., col. ;$c4 3/4 in.
=490  1\$aCircus Amok collection
=530  \\$aAlso available online as streaming video.
=500  \\$aTitle supplied by Hemispheric Institute.
=500  \\$aPart of the Hemispheric Institute Digital Video Library.
=534  \\$pMedia source original:$e1 videocassette of 1 (Mini DV) : sd., col. ; 1/4 in. SP.$mPanasonic DVM60.
=518  \\$aPerformed in New York City in Sept. 2004.
=508  \\$aCircus Amok, producer ; Jennifer Miller, producer, director ; Jenny Romaine, music director ; Clare Dolan, art director ; Jenny Romaine, additional writing ; Kate Hibbard, Jonathan Berger, Kelly Horrigan, Cindy Greenberg, Alessandra Nichols, Mor Erlich, Erin Laubenheimer, Trina Walling, Sabrina DeSousa, Jenny Romaine, sets, props & costumes.
=511  1\$aJennifer Miller, Becca Blackwell, Cindy Greenberg, Scotty Heron, Ozmani Telez, Carlton Ward, Elena Zubulake, Jenny Romaine (musician), Mary Feaser (musician), Lee Frisari (musician), Ben Meyers (musician), Sarah Ferholt (musician), Susan Watts (musician) ; Kate Hibbard, intern ; Cypress, Tanisha Thompson, Barb Monoian, roustabouts.
=520  \\$aVideo documentation of Circus Amok's piece, Back to School Show, performed in 2004 in diverse NYC parks, squares and other public spaces. Through the motif of the beginning of the academic year, and in the context of the upcoming U.S. presidential elections that same year, the troupe poses a critique of issues of standardization and accountability, directed both to the public school system and to Republican U.S. President George W. Bush's administration (and its protagonic role in the Iraq War that started in March 2003). The show poses a public call to civic empowerment and critical thinking, claiming social justice through a variety of interwoven skits that honor local and international pedagogues while performing a satirical commentary on the political climate of the moment, in a joyful extravaganza of acrobatic artistry, satiric skill, and good old-fashioned circus fun. Circus Amok (www.circusamok.org) is a New York City based circus-theater company whose mission is to provide free public art addressing contemporary issues of social justice to the people of New York City. Directed and founded by Jennifer Miller, the group has been together since 1989 bringing its funny, queer, caustic and sexy, political one-ring spectacles to diverse neighborhoods throughout the city. Over the years the traditional circus skills - tight rope walking, juggling, acrobatics, stilt walking, clowning - have been combined with experimental dance, lifesize puppetry, music old and new, and gender-bending performance art and improvisational techniques, creating new meanings for circus while continuing to entertain the crowds of all ages throughout the city streets, gardens, parks, and playgrounds, inviting the audience to join them in envisioning a more empowered life of community interaction while enjoying a queer celebratory spectacle.
=540  \\$aThere are copyright restrictions on this collection. For more information, go to the online version of this video.
=600  10$aBush, George W.$q(George Walker),$d1946-
=650  \0$aEducation$xStandards$zUnited States.
=650  \0$aCircus$zNew York (State)$zNew York.
=650  \0$aStreet theater$zNew York (State)$zNew York.
=650  \0$aGay theater$zNew York (State)$zNew York.
=650  \0$aSocial justice.
=651  \0$aUnited States$xPolitics and government$y2001-
=653  \\$aCircus / street theater
=653  \\$aStandardization
=653  \\$aGeorge W. Bush administration
=655  \7$aPerformances.$2nyu-hidvl
=655  \7$aCircus.$2nyu-hidvl
=655  \7$aStreet theater.$2nyu-hidvl
=655  \7$aPolitical performance.$2nyu-hidvl
=655  \7$aQueer performance.$2nyu-hidvl
=655  \7$aCircuses (performances).$2aat
=655  \7$aPerformances (entertainment events).$2aat
=655  \7$aPerformance art.$2aat
=655  \7$aPolitical art.$2aat
=655  \7$aTheater (discipline).$2aat
=700  1\$aMiller, Jennifer,$d1961-$4pro$4drt$4prf
=710  2\$aCircus Amok.$4pro
=710  2\$aHemispheric Institute Digital Video Library.
=830  \0$aCircus Amok collection.
=856  40$uhttp://hdl.handle.net/2333.1/gxd254h5

