=LDR  06781cgm a22006855a 4500
=001  000505719
=003  NNU
=004  NYUb13493578
=005  20080207120347.0
=006  m\\\\\\\\z\\\\\\\\
=007  vd\cvaizu
=007  vf\ciahou
=007  cr\cna
=007  cr\|||||||||||
=007  \\vd
=008  070502e20041218mx\108\\\\\\\\\\\\vlspa\d
=024  7\$aHI2006_052_01$2nyu-hidvl
=024  7\$aHI2006_053_01$2nyu-hidvl
=024  7\$aHI2006.052_01$2nyu-hidvl
=040  \\$aNNU$cNNU$eamim
=043  \\$an-mx---
=245  03$aEl club de los enemigos de Fox$h[videorecording].
=246  31$aFox's enemies club
=260  \\$c2004 Dec. 18.
=300  \\$3master.$a2 videocassettes of 2 (Digital Betacam) (108 min.) :$bsd., col. ;$c1/2 in.
=300  \\$3viewing copy.$a2 videodiscs of 2 (DVD) (108 min. : pt.1, 55 min. ; pt.2, 53 min.) :$bsd., col. ;$c4 3/4 in.
=490  1\$aEl Hábito collection
=530  \\$aAlso available online as streaming video.
=546  \\$aIn Spanish.
=500  \\$aTitle supplied by Hemispheric Institute.
=500  \\$aPart of the Hemispheric Institute Digital Video Library.
=534  \\$pMedia source original:$e2 videocassettes of 2 (Mini DV) : sd., col. ; 1/4 in. SP.$mSony DVM60.
=518  \\$aPerformed at Teatro Bar El Hábito, Mexico City, on Dec. 18, 2004.
=508  \\$aJesusa Rodríguez, writer, director, producer ; Liliana Felipe, producer, music ; Simone Victoria, assistant playwright.
=511  1\$aJesusa Rodríguez, Liliana Felipe, Leticia Pedrajo, Montserrat Marañón, Oscar Olivier, Hena Moreno, Zulema Clares, Montserrat Díaz.
=520  \\$aCabaret performance by Jesusa Rodríguez and Liliana Felipe, exploring the downside of social indifference and the power of civil disobedience as an effective form of civic participation through which to enact political, cultural and social changes in the public sphere. An anthropologist for 'Discovery Chafa' (a parody of ethnographic documentaries on American television) researches a tribe of Latin American indigenous people, the 'Yanomami', joining them in a continental search for their lost gods. Western and Eastern cultures - characterized as representing 'el Tener' (to have) and 'el Ser' (to be), respectively - are represented as two pseudo gods attempting to be recognized as the 'universal' Culture. Countering this battle of wills, the piece propose (through satiric eschatological dialogues and parodic twists) a rupture of the Manichean East/West binary, favoring a 'third option', that of 'Saber Estar' (to know how to be in a place), attributed to native civilizations; this option intends to open up a space for empowering and incorporating indigenous people in contemporary national projects - projects which tend to isolate them in discourses of Romantic myths of origin, while being considered technologically and culturally 'backward'. Furthermore, the artists invite the audience to have a critical approach not only to foreign political and cultural agendas, but more urgently, to Mexico's current governmental agendas (among them, the effects of NAFTA on civil society). Civil disobedience is proposed as an effective tool for civic participation; the audience is invited to join the 'Enemigos de Fox' club (a fictional opposition club against Mexican president Vicente Fox) and to publicly express their discontent with the political and economic situation of contemporary Mexico. Mexican director, actress, playwright, performance artist, scenographer, entrepreneur, and social activist Jesusa Rodríguez has been called the most important woman of Mexico. Often referred to as a 'chameleon,' Rodríguez moves seemingly effortlessly and with vigor across the spectrum of cultural forms, styles, and tones. Her 'espectáculos' (as both spectacles and shows) challenge traditional classification, crossing with ease generic boundaries: from elite to popular to mass, from Greek tragedy to cabaret, from pre-Columbian indigenous to opera, from revue, sketch and 'carpa,' to performative acts within political projects. Humor, satire, linguistic play, and the body are constants in her productions. She seeks to render corporal and, thus, visible, the tensions between the discourses in operation on and through the individual and collective body. Rodriguez's energy is intense and her commitment non-negotiable, always interrogating the nature, site, and consequences of power and its representation. Liliana Felipe, one of Latin America's foremost singers and composers, was born in Argentina in the 1950s. She left for Mexico just before the outbreak of the 'Dirty War' (1976), but her sister and brother-in-law were both 'disappeared'--victims of the military dictatorship's criminal politics. Liliana's music has a wide following in Latin America. She continues to be a powerful presence in Argentina, working with human rights organizations - especially H.I.J.O.S. (the organization of the children of the disappeared). In Mexico, Liliana went to one of Jesusa Rodríguez's performances. Jesusa, catching a glimpse of Felipe in the audience, remembers saying to herself: 'I am going to die with that woman.' Since then, Liliana and Jesusa have created two performance spaces, El Cuervo and later El Hábito in Coyoacán, Mexico City, that they still run. They 'married' in February 2000. El Hábito (www.elhabito.com.mx) is a hotbed for intellectuals, feminists, gay rights activists and open-minded, progressive people who want to be engaged by a smart and critical humor. In this off-off space, and with the collaboration of their theater cooperative Las Divas, Jesusa y Liliana have produced hundreds of shows since the 1980s.
=540  \\$aThere are copyright restrictions on this collection. For more information, go to the online version of this video.
=600  10$aFox Quesada, Vicente$vDrama.
=650  \0$aPresidents$zMexico.
=650  \0$aCivil disobedience$zMexico.
=655  \7$aPerformance.$2nyu-hidvl
=655  \7$aCabaret.$2nyu-hidvl
=655  \7$aPolitical performance.$2nyu-hidvl
=655  \7$aSatire.$2nyu-hidvl
=700  1\$aRodríguez, Jesusa.$4aut$4drt$4pro$4prf
=700  1\$aFelipe, Liliana.$4pro$4cmp$4prf
=700  1\$aVictoria, Simone.$4aut
=710  2\$aTeatro Bar el Hábito.
=710  2\$aHemispheric Institute Digital Video Library.
=830  \0$aJesusa Rodríguez & Liliana Felipe : El Hábito collection.
=856  40$uhttp://hdl.handle.net/2333.1/51c5b03h
=853  00$81$apt.
=863  50$81.1$a1$p31142045835710
=863  50$81.2$a2$p31142045835702
=954  \\$81$aVolumes

