=LDR  06383cgm a2200817 a 4500
=001  000516033
=003  NNU
=004  NYUb13505000
=005  20080205135052.0
=006  m\\\\\\\\z\\\\\\\\
=007  vd\cvaizu
=007  vf\ciahou
=007  cr\cna
=007  cr\|||||||||||
=007  vd
=008  070613e20041110nyu087\\\\\\\\\\\\vlmul\d
=024  7\$aHI2006_049_01$2nyu-hidvl
=024  7\$aHI2006_050_01$2nyu-hidvl
=024  7\$aHI2006.049_01$2nyu-hidvl
=035  \\$a(NYU)NYUb13505000
=040  \\$aNNU$cNNU$eamim
=041  0\$aeng$aspa
=043  \\$an-us---$acl-----
=245  00$aArquetipas$h[videorecording] :$ba prehispanic cabaret.
=246  3\$aArquetipas :$bcabaret prehispánico
=246  30$aPrehispanic cabaret
=246  30$aCabaret prehispánico
=260  \\$c2004 Nov. 10.
=300  \\$3master.$a2 videocassettes of 2 (Digital Betacam) (87 min.) :$bsd., col. ;$c1/2 in.
=300  \\$3viewing copy.$a2 videodiscs of 2 (DVD) (87 min. : pt.1, 58 min. ; pt.2, 29 min.) :$bsd., col. ;$c4 3/4 in.
=490  1\$aHemispheric Institute archive
=530  \\$aAlso available online as streaming video.
=546  \\$aIn English and Spanish.
=500  \\$aTitle supplied by Hemispheric Institute.
=500  \\$aPart of the Hemispheric Institute Digital Video Library.
=534  \\$pMedia source original:$e2 videocassettes of 2 (Mini DV) : sd., col. ; 1/4 in. SP.$mPanasonic DVM60.
=518  \\$aPerformed at the Skirball Center for the Performing Arts, New York University, as part of the MéxicoNOW festival, on Nov. 10, 2004.
=508  \\$aArts International, producer ; Hemispheric Institute of Performance and Politics, producer ; Jesusa Rodríguez, writer, creator, producer, director ; Liliana Felipe, creator, producer, music ; Marlène Ramírez-Cancio, songs translation.
=511  1\$aJesusa Rodríguez (protagonist), Liliana Felipe (protagonist).
=520  \\$aIn this bilingual 'pre-Hispanic' cabaret performance, Jesusa Rodríguez and Liliana Felipe perform some of their staple characters and songs, in a satiric commentary on how US foreign policy, neoliberalism, and the North American Free Trade Agreement (NAFTA) are affecting Latin America. 'Freaka Kahlo,' 'la Serpiente Enchilada' and the 'Coatlicue' are some of the queer 'arquetypical' characters performed by Rodríguez; through ingenious neologisms and humorous wordplay, they pose a critique to consumer society, repressive US policies against illegal migrants, the imposition of transgenic corn in Mexico (which is currently endangering the ecodiversity of native corn), and the opening of an American megastore (the controversial Walmart) nearby the pre-Columbian pyramids of Teotihuacán. Renown songs by Felipe - 'Tienes que decidir,' 'Mala,' 'El maíz,' among others - provide a powerful antiphonal commentary on these issues, bringing together the social and the personal in a engaging take on queer politics. The artists close the performance with their famous song 'Popocateptl,' a parodic version of Mexican composer José Pablo Moncayo's most well-known work, 'Huapango.' Mexican director, actress, playwright, performance artist, scenographer, entrepreneur, and social activist Jesusa Rodríguez has been called the most important woman of Mexico. Often referred to as a 'chameleon,' Rodríguez moves seemingly effortlessly and with vigor across the spectrum of cultural forms, styles, and tones. Her 'espectáculos' (as both spectacles and shows) challenge traditional classification, crossing with ease generic boundaries: from elite to popular to mass, from Greek tragedy to cabaret, from pre-Columbian indigenous to opera, from revue, sketch and 'carpa,' to performative acts within political projects. Humor, satire, linguistic play, and the body are constants in her productions. She seeks to render corporal and, thus, visible, the tensions between the discourses in operation on and through the individual and collective body. Rodriguez's energy is intense and her commitment non-negotiable, always interrogating the nature, site, and consequences of power and its representation. Liliana Felipe, one of Latin America's foremost singers and composers, was born in Argentina in the 1950s. She left for Mexico just before the outbreak of the 'Dirty War' (1976), but her sister and brother-in-law were both 'disappeared'--victims of the military dictatorship's criminal politics. Liliana's music has a wide following in Latin America. She continues to be a powerful presence in Argentina, working with human rights organizations - especially H.I.J.O.S. (the organization of the children of the disappeared). In Mexico, Liliana went to one of Jesusa Rodríguez's performances. Jesusa, catching a glimpse of Felipe in the audience, remembers saying to herself: 'I am going to die with that woman.' Since then, Liliana and Jesusa have created two performance spaces, El Cuervo and later El Hábito in Coyoacán, Mexico City. They 'married' in February 2000.
=540  \\$aThere are copyright restrictions on this collection. For more information, go to the online version of this video.
=610  10$aCanada.$tTreaties, etc.$d1992 Oct. 7.
=655  \0$aPolitical satire.
=651  \0$aUnited States$xForeign relations$zLatin America$vDrama.
=653  \\$aCabaret
=653  \\$aPolitical performance
=653  \\$aQueer performance
=653  \\$aPrehispanic
=655  \7$aPerformance.$2nyu-hidvl
=655  \7$aCabaret.$2nyu-hidvl
=655  \7$aPolitical performance.$2nyu-hidvl
=655  \7$aSatire.$2nyu-hidvl
=655  \7$aQueer/Lesbian performance.$2nyu-hidvl
=700  1\$aRodríguez, Jesusa.$4cre$4aut$4pro$4drt$4prf
=700  1\$aFelipe, Liliana.$4cre$4pro$4mus$4prf
=700  1\$aRamírez-Cancio, Marlène.$4trl
=710  2\$aArts International.$4pro
=710  2\$aHemispheric Institute of Performance and Politics.$4pro
=710  2\$aHemispheric Institute Digital Video Library.
=830  \0$aHemispheric Institute archive.
=856  40$uhttp://hdl.handle.net/2333.1/59zw3r9h
=853  00$81$apt.
=853  00$82$apt.
=863  50$81.1$a2$p31142045847525
=863  50$82.1$a1$p31142045847517
=954  \\$81$aVolumes
=954  \\$82$aVolumes

