=LDR  04173cgm a2200613 a 4500
=001  000516040
=003  NNU
=004  NYUb13505007
=005  20080205133718.0
=006  m\\\\\\\\z\\\\\\\\
=007  vd\cvaizu
=007  vf\ciahou
=007  cr\cna
=007  cr\|||||||||||
=008  070613e200402uumx\033\\\\\\\\\\\\vlspa\d
=024  7\$aHI2006_048_01$2nyu-hidvl
=024  7\$aHI2006.048_01$2nyu-hidvl
=035  \\$a(NYU)NYUb13505007
=040  \\$aNNU$cNNU$eamim
=041  0\$aspa
=245  00$aInterview with Jesusa Rodríguez$h[videorecording].
=246  30$aJesusa Rodríguez
=260  \\$c2004 Feb.
=300  \\$3master.$a1 videocassette of 1 (Digital Betacam) (33 min.) :$bsd., col. ;$c1/2 in.
=300  \\$3viewing copy.$a1 videodisc of 1 (DVD) (33 min.) :$bsd., col. ;$c4 3/4 in.
=490  1\$aHemispheric Institute featured interviews
=530  \\$aAlso available online as streaming video.
=546  \\$aIn Spanish.
=500  \\$aTitle supplied by Hemispheric Institute.
=500  \\$aPart of the Hemispheric Institute Digital Video Library.
=534  \\$pMedia source original:$e1 videocassette of 1 (Mini DV) : sd., col. ; 1/4 in. SP.$mPanasonic DVM60.
=518  \\$aInterviewed in Mexico City, Mexico, in Feb. 2004.
=508  \\$aHemispheric Institute of Performance and Politics, producer.
=511  0\$aJesusa Rodríguez, interviewee ; Diana Taylor, interviewer.
=520  \\$aMexican director, actress, playwright, performance artist, scenographer, entrepreneur, and social activist Jesusa Rodríguez moves seemingly effortlessly and with vigor across the spectrum of cultural forms, styles, and tones. Her 'espectáculos' (as both spectacles and shows) challenge traditional classification, crossing with ease generic boundaries: from elite to popular to mass, from Greek tragedy to cabaret, from pre-Columbian indigenous to opera, from revue, sketch and 'carpa,' to performative acts within political projects. Humor, satire, linguistic play, and the body are constants in her productions. Rodriguez's energy is intense and her commitment non-negotiable, always interrogating the nature, site, and consequences of power and its representation. In this interview the artist comments on her particular use and transformation of the genre of 'pastorela' (Nativity play) in her cabaret performances, as a tool for contesting political and religious fundamentalism in the Americas. The pastorelas, used by the Catholic Church as an evangelization tool during the Conquest, are usually based on a clean-cut distinction between Good and Evil, sustaining a binary thought that has fueled political, cultural and religious agendas in the American hemisphere. Rodríguez proposal to use the pastorela genre against the ideologically conservative institutions that originally introduced and used it, subversively mixes humor with religion in order to contest the Manichean politics at play in contemporary Western society. Performances like 'Concilio de Amor' and 'Pastorela Terrorista' are commented by the artist as examples of this performative strategy, which Rodríguez links to a broader concern with civic empowerment and education, issues of civil disobedience and popular participation.
=540  \\$aThere are copyright restrictions on this collection. For more information, go to the online version of this video.
=600  10$aRodríguez, Jesusa$vInterviews.
=600  00$aJesus Christ$xNativity$xPerformances.
=650  \0$aCivil disobedience.
=650  \0$aPolitical participation.
=653  \\$aPolitical performance
=653  \\$aPastorela
=653  \\$aNativity plays
=655  \7$aInterview.$2nyu-hidvl
=700  1\$aRodríguez, Jesusa.$4ive
=700  1\$aTaylor, Diana,$d1950-$4ivr
=710  2\$aHemispheric Institute of Performance and Politics.$4pro
=710  2\$aHemispheric Institute Digital Video Library.
=830  \0$aHemispheric Institute featured interviews.
=856  40$uhttp://hdl.handle.net/2333.1/1jwstqs1

