=LDR  06025cgm a2200673 a 4500
=001  000516290
=003  NNU
=004  NYUb13505296
=005  20080205120915.0
=006  m\\\\\\\\z\\\\\\\\
=007  vd\cvaizu
=007  vf\ciahou
=007  cr\cna
=007  cr\|||||||||||
=007  \\vd
=008  070614e200403uumx\118\\\\\\\\\\\\vlspa\d
=024  7\$aHI2006_037_01$2nyu-hidvl
=024  7\$aHI2006_038_01$2nyu-hidvl
=024  7\$aHI2006.037_01$2nyu-hidvl
=040  \\$aNNU$cNNU$eamim
=041  0\$aspa
=245  00$aPastorela terrorista$h[videorecording].
=246  31$aTerrorist pastorela
=260  \\$c2004 Mar.
=300  \\$3master.$a2 videocassettes of 2 (Digital Betacam) (118 min.) :$bsd., col. ;$c1/2 in.
=300  \\$3viewing copy.$a2 videodiscs of 2 (DVD) (118 min. : pt.1, 58 min. ; pt.2, 60 min.) :$bsd., col. ;$c4 3/4 in.
=490  1\$aEl Hábito collection
=530  \\$aAlso available online as streaming video.
=546  \\$aIn Spanish.
=500  \\$aTitle supplied by Hemispheric Institute.
=500  \\$aPart of the Hemispheric Institute Digital Video Library.
=534  \\$pMedia source original:$e2 videocassettes of 2 (Mini DV) : sd., col. ; 1/4 in. SP.$mSony DVM60.
=518  \\$aPerformed at Teatro Bar El Hábito, Mexico City, Mexico, in Mar. 2004.
=508  \\$aJesusa Rodríguez, writer, producer, director ; Liliana Felipe, producer, music.
=511  1\$aJesusa Rodríguez, protagonist ; Nora Huerta, Cecilia Sotres, Amanda Schmelz, Oscar Passo, Carlos Juárez, Liliana Felipe, cast.
=520  \\$aCabaret performance posing a satiric take on the Manichean thought fueling current Western (conservative) religion, pedagogy, and politics. Farsical characters evidence an Orwellian 'doublethink', engaging in demagogical discourses of self-righteousness while evidencing the power games at play in school, church, and government. In the context of the US war on Iraq (2003), its Coalition of the Willing and War on Terrorism, a fascist teacher and a flock of 'angels' (political leaders Blair, Aznar, Sharon and Bush) stretch language in rhetorical twists aimed at demonstrating a clear-cut distinction between Good and Evil. A 'pastorela' (Nativity play) evidences their take on terrorism. As an alternative to this political stance, a parodic pseudo-religion or self-help workshop, the 'Sagrada Iglesia del Intermedio' (a pun translated as Sacred Church of Intermission or Sacred Church of the In-Between) is introduced by the Goddess of the Interstice, Uncertainty, Paradox and Pleasure (played by Jesusa Rodríguez), advocate of unveiling the ideological agendas underlying binary thought, proposing instead a relativistic gesture of ludic intermediation. Mexican director, actress, playwright, performance artist, scenographer, entrepreneur, and social activist Jesusa Rodréguez has been called the most important woman of Mexico. Often referred to as a 'chameleon,' Rodríguez moves seemingly effortlessly and with vigor across the spectrum of cultural forms, styles, and tones. Her 'espectáculos' (as both spectacles and shows) challenge traditional classification, crossing with ease generic boundaries: from elite to popular to mass, from Greek tragedy to cabaret, from pre-Columbian indigenous to opera, from revue, sketch and 'carpa,' to performative acts within political projects. Humor, satire, linguistic play, and the body are constants in her productions. She seeks to render corporal and, thus, visible, the tensions between the discourses in operation on and through the individual and collective body. Rodriguez's energy is intense and her commitment non-negotiable, always interrogating the nature, site, and consequences of power and its representation. Liliana Felipe, one of Latin America's foremost singers and composers, was born in Argentina in the 1950s. She left for Mexico just before the outbreak of the 'Dirty War' (1976), but her sister and brother-in-law were both 'disappeared'--victims of the military dictatorship's criminal politics. Liliana's music has a wide following in Latin America. She continues to be a powerful presence in Argentina, working with human rights organizations--especially H.I.J.O.S. (the organization of the children of the disappeared). In Mexico, Liliana went to one of Jesusa Rodríguez's performances. Jesusa, catching a glimpse of Felipe in the audience, remembers saying to herself: 'I am going to die with that woman.' Since then, Liliana and Jesusa have created two performance spaces, El Cuervo and later El Hábito in Coyoacán, Mexico City, that they still run. They 'married' in February 2000. El Hábito (www.elhabito.com.mx) is a hotbed for intellectuals, feminists, gay rights activists and open-minded, progressive people who want to be engaged by a smart and critical humor. In this off-off space, and with the collaboration of their theater cooperative Las Divas, Jesusa y Liliana have produced hundreds of shows since the 1980s.
=540  \\$aThere are copyright restrictions on this collection. For more information, go to the online version of this video.
=650  \0$aTerrorism$vDrama.
=650  \0$aWar on Terrorism, 2001-$vDrama.
=650  \0$aIraq War, 2003-2011$vDrama.
=655  \7$aPerformance.$2nyu-hidvl
=655  \7$aCabaret.$2nyu-hidvl
=655  \7$aPolitical theater.$2nyu-hidvl
=655  \7$aFarce.$2nyu-hidvl
=655  \7$aSatire.$2nyu-hidvl
=700  1\$aRodríguez, Jesusa.$4aut$4pro$4drt$4prf
=700  1\$aFelipe, Liliana.$4pro$4mus$4prf
=710  2\$aHemispheric Institute Digital Video Library.
=830  \0$aJesusa Rodríguez & Liliana Felipe : El Hábito collection.
=856  40$uhttp://hdl.handle.net/2333.1/0k6djhgp
=853  00$81$apt.
=863  50$81.1$a1$p31142042579808
=863  50$81.2$a2$p31142042579816
=954  \\$81$aVolumes

