=LDR  05267cgm  2200589 a 4500
=001  000030115
=003  NNU
=004  000030115
=005  20100208133225.0
=006  m\\\\\\\\z\\\\\\\\
=007  vd\cvaizu
=007  vf\ciahou
=007  cr\cna|||||||a
=007  cr\|||||||||||
=007  vd\cvaizu
=008  080509p200412uunyu069\\\\\\\\\\\\vleng\d
=024  7\$aHI2007_261_01$2nyu-hidvl
=035  \\$a(NYU)NYUb13612354
=040  \\$aNNU$cNNU$eamim
=245  00$aEast Coast Artists benefit$h[videorecording] :$bRasaBoxes demonstration.
=246  30$aRasaBoxes demonstration
=246  3\$aECA benefit (December 2004) :$bRasaBoxes demonstration
=246  3\$aECA benefit :$bRasa (Dec. 2004)
=246  3\$aRasa (Dec. 2004)
=260  \\$c2004 Dec.
=300  \\$a1 videodisc of 1 (DVD) (69 min.) :$bsd., col. ;$c4 3/4 in.$3viewing copy.
=300  \\$a1 videocassette of 1 (Digital Betacam) (69 min.) :$bsd., col. ;$c1/2 in.$3master.
=490  1\$aRichard Schechner's Productions collection
=530  \\$aAlso available online as streaming video.
=546  \\$aIn English.
=500  \\$aTitle supplied by Hemispheric Institute.
=500  \\$aPart of the Hemispheric Institute Digital Video Library.
=534  \\$pMedia source original:$e1 videocassette of 1 (VHS) : sd., col. ; 1/2 in. SP.$mTDK T-120.
=518  \\$aHeld at the Tisch School of the Arts, New York University, New York City, in December 2004.
=508  \\$aRichard Schechner, producer, director ; East Coast Artists, producer ; Michele Minnick, host.
=511  1\$aRichard Schechner, Martin Blazer, Tanya Calamoneri, Paula Murray Cole, speakers ; Paula Murray Cole, demonstration facilitat ; Michele Minnick, Rachel Bowditch, Paula Murray Cole, Marissa Copeland, Christopher Logan Healy, demonstration artists.
=520  \\$aThe video tape begins with people arriving and mingling during a reception held in the Dean's Conference room at the Tisch School of the Arts, New York University. Thirty to 50 people gather and talk in small groups while the camera moves among them, recording parts of their conversations. Michele Minnick, a member of the ECA, is host for the event. Soon, people find chairs arranged around a large rectangular grid of boxes made of tape on the floor: the rasaboxes. Richard Schechner announces the beginning of the event and suggests that the audience consider the work of ECA as a 'rethinking the arts.' He discusses the rasaboxes work as a way for performers to express emotions immediately, without forethought or emotional recall - or any other standard actors' exercises. Paula Murray Cole explains the grid on the floor - the outline of the nine rasas. Rasaboxes offer a unique approach to enacting the eight basic emotions as specified in the Sanskrit theater manual, Bharata's 'Natyasastra.' The ninth, the center box, is left blank because it represents 'shanta,' the ultimate emotionless state of total bliss. Rasaboxes combines the Indian concept with Antonin Artaud's call for the actor to be 'an athlete of the emotions.' The eight, or nine, rasas of Sanskrit/Indian performance theory are: adbhuta (surprise, wonder), sringara (love, eros), bhayanaka (fear, horror), bibhatsa (disgust, revulsion), vira (courage, the heroic), hasya (laughter, the comic), karuna (sadness, compassion), raudra (rage, destruction), and santa (peace, bliss). Workshop participants move within the boxes, jumping from one emotional state to the other and at times engaging interactively. Then ECA members demonstrate the rasaboxes technique. Several speakers, including Richard Schechner describe the RasaBoxes technique and its usefulness in a variety of contexts. Richard Schechner is a theater director, performance theorist and university professor known for being one of the founders of the academic discipline of Performance Studies at Tisch School of the Arts, New York University. Schechner combines his work in anthropology with innovative approaches to performance of all kinds including ritual, drama, environmental theater, political rallies, dance, music, etc. in order to consider how performance can be understood not just as an object of study, but also as an active intellectual-artistic practice. He is the editor of 'TDR: The Journal of Performance Studies.' His books include 'Environmental Theater,' 'The Future of Ritual,' 'Performance Theory,' 'Between Theater and Anthropology' and 'Performance Studies: An Introduction.' As of 2007, his books have been translated into 14 languages.
=540  \\$aThere are copyright restrictions on this collection. For more information, go to the online version of this video.
=650  \0$aRasas.
=653  \\$aRasaboxes
=653  \\$aPsychophysics
=655  \7$aPerformance composition method demonstration.$2nyu-hidvl
=655  \7$aBenefit reception.$2nyu-hidvl
=700  1\$aSchechner, Richard,$d1934-$4pro$4drt$4spk
=700  1\$aMinnick, Michele.$4hst
=710  2\$aEast Coast Artists.$4pro
=710  2\$aHemispheric Institute Digital Video Library.
=830  \0$aRichard Schechner's Productions collection
=856  40$uhttp://hdl.handle.net/2333.1/zpc86758

