=LDR  05777cga a2200673 a 4500
=001  000033575
=003  NNU
=004  NYUb13605753
=005  20080509172218.0
=006  m\\\\\\\\z\\\\\\\\
=007  vd\cvaizu
=007  vf\ciahou
=007  cr\cna
=007  cr\|||||||||||
=008  080417s2004\\\\ec\067\\\\\\\\\\\\vlspa\d
=024  7\$aHI2007_208_01$2nyu-hidvl
=024  7\$aHI2007_209_01$2nyu-hidvl
=024  7\$aHI2007.208_01$2nyu-hidvl
=035  \\$a(NYU)NYUb13605753
=040  \\$aNNU$cNNU$eamim
=041  0\$aspa
=079  \\$a(OCoLC)226381306
=245  00$aDonde el viento hace buñuelos$h[videorecording].
=260  \\$c2004.
=300  \\$3master.$a2 videocassettes of 2 (Digital Betacam) (67 min.) :$bsd., col. ;$c1/2 in.
=300  \\$3viewing copy.$a2 videodiscs of 2 (DVD) (67 min. : pt.1, 50 min. ; pt.2, 17 min.) :$bsd., col. ;$c4 3/4 in.
=490  1\$aMalayerba collection
=530  \\$aAlso available online as streaming video.
=546  \\$aIn Spanish.
=500  \\$aTitle supplied by Hemispheric Institute.
=500  \\$aPart of the Hemispheric Institute Digital Video Library.
=534  \\$pMedia source original:$e2 videocassettes of 2 (Mini DV) : sd., col. ; 1/4 in. SP.$mPanasonic DVM60.
=518  \\$aPerformed at Casa Malayerba, Quito, Ecuador, in 2004.
=508  \\$aGrupo de Teatro Malayerba, producer ; Suda-k-ribe, producer, collective creation ; Arístides Vargas, director, writer ; María Pilar Aponte, music.
=511  1\$aMaría del Rosario 'Charo' Francés, Rosa Luisa Márquez, María Pilar Aponte.
=520  \\$a'Donde el viento hace buñuelos' crystallizes an ongoing artistic collaboration Teatro Malayerba (Ecuador) and Rosa Luisa Márquez (Puerto Rico), produced under the name Suda-k-ribe. Collaboratively created through improvisations by actresses María del Rosario 'Charo' Francés and Rosa Luisa Márquez, the directorial and dramaturgical vision of Arístides Vargas, and the visual and spatial transformations by Puerto Rican artist Antonio Martorell, the play portrays the close relationship between two friends, developed in multiple encounters through time and space in the slippery territory of memory. The characters share the encounters and disencounters experienced while living in countries traversed by borders, incommunication, censorship, indifference and violence. Between life and death, memories and games, Catalina and Miranda weave their relationship, turning friendship into a community of affect, a virtual homeland of solidarity where to live amidst political and spiritual exile. Music by Puerto Rican artist María Pilar Aponte (who performs an enigmatic character, an Angel of Death of sorts) complements their journey between exile and memory, uprootedness and solidarity. The Grupo de Teatro Malayerba (teatromalayerba.org) was founded in Quito in 1979 by Arístides Vargas, Susana Pautasso and María del Rosario 'Charo' Francés, immigrant actors originally from Argentina and Spain. From the start, Malayerba included actors with various backgrounds and nationalities, invested in the exploration of the rich cultural diversity and complex history of Ecuador, as well as issues of migration, exile, political violence and individual and collective memory. With over 25 years of ongoing theater practice and more than 20 plays performed locally and internationally for a diverse audience, Malayerba is committed to theater pedagogy and experimentation, artistic collaboration, and community building. They have represented Ecuador in national and international theater festivals; they have also collaborated with theater groups within Ecuador and in other countries, and performed for both film and television, while engaging in community work in Quito. In 1989 the group created the Laboratorio Malayerba, committed to the training of generations of young Ecuadorian actors and to an ongoing investigation of theories and practices of experimental theater. In 2001 Malayerba launched the theater journal 'Hoja de Teatro,' conceived as a forum for the theorization, criticism and dissemination of Ecuadorian theater practices. The group also runs a theater house, the Casa Malayerba, which houses the Laboratory as well as a theater with seating capacity for seventy people. Malayerba approaches theater making as an artistic, ethical and technical realm where to engage in meaningful creative experiences through which to understand, assume and confront current sociopolitical processes. In working together, actors with various backgrounds and nationalities have shown that a multicultural blend is not only possible but also enriching, as differences lead to new identities, embodiments of dreams, memories, absences and pains that are at once local and universal.
=540  \\$aThere are copyright restrictions on this collection. For more information, go to the online version of this video.
=650  \0$aExiles.
=650  \0$aFriendship.
=653  \\$aLatin American theater
=655  \7$aPerformance.$2nyu-hidvl
=655  \7$aTheater.$2nyu-hidvl
=655  \7$aExperimental theater.$2nyu-hidvl
=655  \7$aCollective creation.$2nyu-hidvl
=655  \7$aLatin American theater.$2nyu-hidvl
=700  1\$aVargas, Arístides,$d1954-$4aut$4drt
=710  2\$aGrupo de Teatro Malayerba.$4pro
=710  2\$aSuda-k-ribe.$4pro
=710  2\$aHemispheric Institute Digital Video Library.
=830  \0$aMalayerba collection
=856  40$uhttp://hdl.handle.net/2333.1/37pvmd25
=853  00$81$apt.
=863  50$81.1$a1$p31142047202927
=863  50$81.2$a2$p31142047202935
=954  \\$81$aVolumes

