=LDR  04805ngm a2200565 a 4500
=001  003679199
=004  003679199
=005  20121106100117.0
=006  m\\\\\\\\c\\\\\\\\
=007  vd\cvaiz|
=007  cr\cna|||m|||a
=007  cr\|||||||||||
=007  vd\cvaiz|
=008  121105e200403uupr\023\\\\\\\\\\\\vlspa\d
=024  7\$aHI2010_076_01$2nyu-hidvl
=024  7\$aHI2010.076_01$2nyu-hidvl
=040  \\$aNNU$beng$cNNU
=041  0\$aspa
=245  00$aPlagio$h[videorecording] /$cViveca Vázquez, creator.
=246  3\$aPieza de danza-teatro inspirada en Agustín de Hipona
=260  \\$c2004 Mar.
=300  \\$3viewing copy.$a1 videodisc of 1 (DVD) (22 min., 33 sec.) :$bsd., col. ;$c4 3/4 in.
=490  1\$aViveca Vázquez collection
=546  \\$aIn Spanish.
=500  \\$aTitle supplied by Hemispheric Institute.
=500  \\$aPart of the Hemispheric Institute Digital Video Library.
=518  \\$aPerformed at the Facultad Estudios Generales Universidad de Puerto Rico, in March 2004.
=508  \\$aViveca Vázquez, choreographer ; Miguel Villafañe, videographer.
=511  0\$aJosé (Pepe) Alvarez, Deborah Elías, Leandro Fabrizi, Modesto Lacén, Flavia Manes-Rossi, Ataveyra Medina, Jessielly Olivero, Lila Ríos, Luz Rodríguez, Verónica Rodríguez, performers.
=520  \\$aVideo documentation of Puerto Rican experimental dance performance ‘Plagio,’ choreographed by Viveca Vázquez, who is a choreographer, dancer, and a professor of humanities and contemporary dance for actors at the University of Puerto Rico. She presented her first work with Pisotón, the first experimental dance group of Puerto Rico and, shortly after, Taller de Otra Cosa, of which she became the first director. Through the company she presented her choreographic work and produced events such as ‘Rompeforma’ a key festival in the development of the experimental dance and performance scene in Puerto Rico, which was co-produced with Puerto Rican choreographer based in the U.S. Merian Soto. Since 1984 she has produced and performed experimental dance works in the United States, Mexico, Venezuela and Argentina, among a great number of other places. As a teacher she has developed a pedagogical model based on body conscience and improvisation.
=520  \\$a‘Plagio’ was performed in the Estudios Generales Letras building, at the University of Puerto Rico. While taking over the space with bodies, sound, voices, and movement, Vázquez performed a double gesture, bringing a canonic text to the dance, and bringing it in dance to non-conventional spaces. The reverberation of voices and movement resembles the idea of plagiarism (‘plagio’), which in this case is understood as a re-enactment and re-creation of the classics. This video documentary is described as a ‘Piece of dance-theater inspired in Augustine of Hippo.’ The implications of bringing Saint Augustine to the University of Puerto Rico engage this performance with contemporary concerns, related to the discussion on colonialism and post-colonialism. Also, including new codes and forms of expression such as rap music stages the dialogue and counterpoint between our times and the classic texts. This video as a ‘documentary by Miguel Villafañe, ‘plagiarism’ of a performance by Viveca Vázquez, in turn a ‘plagiarism’ of Saint Augustine of Hippo’s life and works.’ With this playful idea, this performance and its video documentary offer a rich line of discussion about re-creations: if this documentary is a ‘plagiarism’ of a ‘plagiarism’ of a ‘plagiarism,’ perhaps its presence in the Hemispheric Institute Digital Video Library could be considered another ‘plagiarism’ in the series of re-enactments that are at the basis of our cultural constructions.
=530  \\$aAlso available online as streaming video.
=534  \\$pMedia source original:$e1 videocassette of 1 (Mini DV) : sd., col. ; 1/4 in. SP.$mPanasonic DVM60.
=540  \\$aThere are copyright restrictions on this collection. For more information, go to the online version of this video.
=600  00$aAugustine,$cSaint, Bishop of Hippo$xInfluence$vDrama.
=650  \0$aPlagiarism$vDrama.
=650  \0$aArts and history$vDrama.
=650  \0$aSite-specific theater.
=650  \0$aExperimental dance.
=655  \7$aPerformance.$2nyu-hidvl
=655  \7$aDance.$2nyu-hidvl
=655  \7$aContemporary dance.$2nyu-hidvl
=655  \7$aExperimental dance.$2nyu-hidvl
=700  1\$aVázquez, Viveca.$4cre$4chr
=700  1\$aVillafañe, Miguel.$4vdg
=710  2\$aHemispheric Institute Digital Video Library.
=830  \0$aViveca Vázquez collection.
=856  40$uhttp://hdl.handle.net/2333.1/ncjsxn8r

