=LDR  04012cgm  2200709 a 4500
=001  000556656
=003  NNU
=004  NYUb13549089
=005  20110923144442.0
=006  m\\\\\\\\z\\\\\\\\
=007  vd\cvaizu
=007  vf\ciahou
=007  cr\cna
=007  \\vd
=007  cr\|||||||||||
=008  071101e20050317bl\146\\\\\\\\\\\\vlmul\d
=024  7\$aHI2005_077_01$2nyu-hidvl
=024  7\$aHI2005_078_01$2nyu-hidvl
=024  7\$aHI2005_079_01$2nyu-hidvl
=024  7\$aHI2005.077_01$2nyu-hidvl
=040  \\$aNNU$cNNU$eamim
=041  0\$aspa$apor
=043  \\$as-pe---
=245  00$aSusana Baca in concert$h[videorecording]
=246  31$aSusana Baca en concierto
=246  1\$iTitle on DVD case and title screen:$aSusana Baca
=260  \\$c2005 Mar. 17.
=300  \\$a3 videocassettes of 3 (Digital Betacam) (146 min.) :$bsd., col. ;$c1/2 in.$3master.
=300  \\$a3 videodiscs of 3 (DVD) (146 min. : pt.1, 62 min. ; pt.2, 62 min. ; pt.3, 22 min.) :$bsd., col. ;$c4 3/4 in.$3viewing copy.
=530  \\$aAlso available online as streaming video.
=546  \\$aIn Spanish and Portuguese.
=500  \\$aTitle supplied by Hemispheric Institute.
=500  \\$aPart of the Hemispheric Institute Digital Video Library.
=534  \\$pMedia source original:$e3 videocassettes of 3 (Mini DV) : sd., col. ; 1/4 in. SP.
=518  \\$aPerformed at Palácio das Artes on Mar. 17, 2005, as part of the Hemispheric Institute's 5th Encuentro in Belo Horizonte, Brazil, entitled Performing Heritage: Contemporary Indigenous and Community-Based Practices.
=508  \\$aHemispheric Institute, producer ; Universidade Federal de Minas Gerais, producer ; Susana Baca, creator.
=511  0\$aSusana Baca, singer ; Hugo Bravo, Juan Medrano Cotito, David Pinto, Sergio Valdeos, Nilo Borges, musicians.
=520  \\$aSusana Baca is the foremost singer of Afro-Peruvian music. Her music, on the Luaka Bop label, has promoted an awareness of the many cultural contributions of Afro-Peruvians. Also to this aim, she and her husband Ricardo Pereira are the founders and co-directors of the Instituto Negrocontinuo in Lima. She dedicated this concert in Belo Horizonte to women, and--with her infinite grace, her wide smile, her sensuous movements and her bare feet on stage--she performed songs like 'Molino Molero,' 'Caracunde,' 'Corazón Americano' (in honor of Milton Nascimento), 'Panalivio,' 'Toro Mata,' and 'Se me van los pies.' This concert was performed at the Palácio das Artes in Belo Horizonte, Brazil, as a part of the the 5th Encuentro of the Hemispheric Institute of Performance and Politics, titled Performing Heritage: Contemporary Indigenous and Community-Based Practices (http://hemisphericinstitute.org/eng/seminar/brazil2005/index.html).The concert was followed by a post-performance discussion with the audience.
=540  \\$aThere are copyright restrictions on this collection. For more information, go to the online version of this video.
=650  \0$aWomen singers$zPeru.
=650  \0$aSingers$zPeru.
=650  \0$aMusic$zPeru.
=655  \7$aPerformance.$2nyu-hidvl
=655  \7$aConcert.$2nyu-hidvl
=650  \0$aMusic$zPeru.
=655  \7$aAfro-Peruvian music.$2nyu-hidvl
=700  1\$aBaca, Susana.
=710  2\$aUniversidade Federal de Minas Gerais.
=710  2\$aHemispheric Institute of Performance and Politics.
=710  2\$aHemispheric Institute Digital Video Library.
=711  2\$aHemispheric Institute Encuentro$n(5th :$d2005 :$cBelo Horizonte, Brazil).$tPerforming heritage : contemporary indigenous and community-based practices.
=853  00$81$apt.
=863  50$81.1$a1$p31142046117092
=863  50$81.2$a2$p31142046117084
=863  50$81.3$a3$p31142046117076
=856  40$uhttp://hdl.handle.net/2333.1/4j0zpcfz
=954  \\$81$aVolumes

