=LDR  05785nga a2200733 a 4500
=001  000029304
=003  NNU
=004  NYUb13605933
=005  20080418174847.0
=006  m\\\\\\\\z\\\\\\\\
=007  vd\cvaizu
=007  vf\ciahou
=007  cr\cna
=007  cr\|||||||||||
=007  \\vd
=008  080418s2005\\\\ag\058\\\\\\\\\\\\vlspa\d
=024  7\$aHI2007_222_01$2nyu-hidvl
=024  7\$aHI2007_223_01$2nyu-hidvl
=024  7\$aHI2007.222_01$2nyu-hidvl
=040  \\$aNNU$cNNU$eamim
=041  0\$aspa
=043  \\$as-ag---
=079  \\$a(OCoLC)226381333
=245  00$aO sos o no sos$h[videorecording].
=246  3\$aOsos o no sos
=260  \\$c2005.
=300  \\$3master.$a2 videocassettes of 2 (Digital Betacam) (58 min.) :$bsd., col. ;$c1/2 in.
=300  \\$3viewing copy.$a2 videodiscs of 2 (DVD) (58 min. : pt.1, 52 min. ; pt.2, 6 min.) :$bsd., col. ;$c4 3/4 in.
=490  1\$aGrupo de Teatro Catalinas Sur collection
=530  \\$aAlso available online as streaming video.
=546  \\$aIn Spanish.
=500  \\$aTitle supplied by Hemispheric Institute.
=500  \\$aPart of the Hemispheric Institute Digital Video Library.
=534  \\$pMedia source original:$e2 videocassettes of 2 (Mini DV) : sd., col. ; 1/4 in. SP.$mPanasonic DVM60.
=518  \\$aPerformed at Galpón de Catalinas, La Boca, Buenos Aires, Argentina, in 2005.
=508  \\$aGrupo de Teatro Catalinas Sur, producer ; Ximena Bianchi, director ; Omar Gasparini, puppets ; based on a text by Frank Tashlin ; Bernardo Santiago, music & lyrics, musical director ; Cristina Ghione, Juliana Corazzina, woods & factory SFX ; Cristina Ghione, final song ; Estudio EDC Pablo Schenquerman, digital audio editor ; Mariana Delgado, sound operator ; Lucas Gaspaini, lighting design ; Quique Tordal, spotlights ; Omar Gasparini, Ana Serralta, sets ; Mónica Rebolini, costumes.
=511  1\$aAna Elisa Dosantos, Corina Renoldi, Elizabel Villalba, Gabi Cabral, Gabriela Mora, Gonzalo Martín Acuña, Gonzalo Guevara, Javier Leston, Laura Casalnuovo, Luz Bulzomi, Marcos Guillén, María Kexel, María Inés López, María Luisa Santarcieri, Marina Lafuente, Miguel Kuok, Mónica Rebolini, Narda Molín, Nora Churquina, Patricia M. Santoyanni, Tobías Mitre, puppeteers/performers.
=520  \\$a'O sos o no sos' is Catalinas Sur's second puppet theater show, a beautiful spectacle for all ages following their first puppetry piece 'La Niña de la Noche.' It is a free adaptation of Frank Tashlin's story 'The Bear that Wasn't.' The piece tells the adventures and exploits of a bear that wakes up from his winter hibernation to find an industrial complex where his cave used to be. The bear then gets confused by the factory foreman as a human worker and is told to work; each of his successive bosses tries to convince him that he is just a 'silly man.' Throughout the play, the bear tries to protect his very identity while trying to survive in a confusing, threatening world to which he does not belong. Music, color, masks, a beautiful set and a delightful soundtrack, along with 22 puppeteers-performers under the direction of Ximena Bianchi, give life to 35 puppets in order to recreate the story of a bear lost in a world of men, a struggle for the preservation of identity against all odds. The idea of Grupo de Teatro Catalinas Sur (www.catalinasur.com.ar) came to life during a neighborhood barbeque held by a school's parents association in 1983. It was during the time of Argentina's military dictatorship, which stifled popular expression, and the theater group used its community service as a form of resistance that strengthened feelings of solidarity and mutual binding. The group remains rooted in its Buenos Aires neighborhood, even as its membership and fame has grown, performing in a converted warehouse. Catalinas Sur members are acknowledged followers of the traditional artistic forms performed in the quarter which has been the birthplace of the popular arts: puppeteers, musicians, actors, artists originating from the old continent or from Latin America and who mingled their art, like a crucible, with the neighborhood. Firm believers that society can be changed by teamwork and a sense of community, Catalinas Sur has created more than 20 plays and, sweeping aside all false generation gaps, has now over 300 actors. In their own words, 'with the advent of this globalized and inhumane millennium, we are attempting, through the theater, to remember the value of our individual and collective histories, and revive the memory that believed and believes in a better world.'
=540  \\$aThere are copyright restrictions on this collection. For more information, go to the online version of this video.
=600  10$aTashlin, Frank.$tBear that wasn't$vAdaptations.
=650  \0$aCommunity theater.
=650  \0$aTheater$zArgentina.
=650  \0$aPuppet theater$zArgentina.
=655  \7$aPerformance.$2nyu-hidvl
=655  \7$aTheater.$2nyu-hidvl
=655  \7$aArgentinean theater.$2nyu-hidvl
=655  \7$aCommunity theater.$2nyu-hidvl
=655  \7$aPopular theater.$2nyu-hidvl
=655  \7$aPuppet theater.$2nyu-hidvl
=700  1\$aBianchi, Ximena.$4drt
=700  1\$aGasparini, Omar.$4dsr$4ppt
=700  1\$aSantiago, Bernardo.$4drt$4mus
=710  2\$aGrupo de Teatro Catalinas Sur.$4pro
=710  2\$aHemispheric Institute Digital Video Library.
=830  \0$aGrupo de Teatro Catalinas Sur collection
=856  40$uhttp://hdl.handle.net/2333.1/j9kd51n7
=853  00$81$apt.
=863  50$81.1$a1$p31142047203065
=863  50$81.2$a2$p31142047203073
=954  \\$81$aVolumes

