=LDR  04635cgm a22006495a 4500
=001  000513730
=003  NNU
=004  NYUb13502413
=005  20090409170130.0
=006  m\\\\\\\\z\\\\\\\\
=007  vd\cvaizu
=007  vf\ciahou
=007  cr\cna
=007  cr\|||||||||||
=008  070605e20050318bl\060\\\\\\\\\\\\vlpor\d
=024  7\$aHI2007_015_01$2nyu-hidvl
=024  7\$aHI2007.015_01$2nyu-hidvl
=035  \\$a(NYU)NYUb13502413
=040  \\$aNNU$cNNU$eamim
=043  \\$as-bl---$asa-----
=245  00$aCobra norato$h[videorecording].
=260  \\$c2005 Mar. 18.
=300  \\$3master.$a1 videocassette of 1 (Digital Betacam) (60 min.) :$bsd., col. ;$c1/2 in.
=300  \\$3viewing copy.$a1 videodisc of 1 (DVD) (60 min.) :$bsd., col. ;$c4 3/4 in.
=530  \\$aAlso available online as streaming video.
=546  \\$aIn Portuguese.
=500  \\$aTitle supplied by Hemispheric Institute.
=500  \\$aPart of the Hemispheric Institute Digital Video Library.
=534  \\$pMedia source original:$e1 videocassette of 1 (Mini DV) : sd., col. ; 1/4 in. SP.$mPanasonic DVM60.
=518  \\$aPerformed on Mar. 18, 2005, at the Hemispheric Institute's 5th Encuentro in Belo Horizonte, Brazil.
=508  \\$aHemispheric Institute of Performance and Politics, producer ; Universidade Federal de Minas Gerais (UFMG), producer ; Giramundo Teatro de Bonecos, creators ; poem by Raul Bopp.
=511  0\$aGiramundo Teatro de Bonecos, puppeteers.
=520  \\$aVideo documentation of Giramundo's 'Cobra Norato', performed in the context of the Hemispheric Institute's 5th Encuentro, titled 'Performing Heritage' (Belo Horizonte, Brazil, 2005 http://hemi.nyu.edu/eng/seminar/brazil2005). 'Cobra Norato' explores aquatic myths of the Amazonian region. Written by Raul Bopp, its one of the most important poems of the Modernismo Brasileiro. The Giramundo piece features puppets created in the style of traditional Carajá craftsmanship and inspired by popular art from Northern and Northeastern Brazil. Created in 1970 by Brazilian artists Álvaro Apocalypse, Terezinha Veloso and Maria do Carmo Vivacqua Martins (Madu), Giramundo Teatro de Bonecos (www.giramundo.org) has gained worldwide recognition as one of the most important puppet theater groups in the world. Their remarkable trajectory includes professional works for theater, film, video, and television, as well as a strong pedagogical component, teaching workshops and puppetry courses both abroad and in their own school in Belo Horizonte, Brazil. Every year, besides setting up a new show, the group works on a remake. The 950 marionettes that have already staged or that are still on stage are part of the Museu Giramundo collection, which has the largest private collection of the kind in Brazil. At the Museum we can also find the Coleção de Desenhos e Estudos para Teatro, with sketches and outlines for set design, and the models of the groups creators. The methodological rigor in creating their performances, the refined construction and manipulation of their performing objects, and their interest in exploring topics in Brazilian culture have provided Giramundo with tools for transcending traditional childrens theater in order to incorporate adult themes and cultural forms in direct dialogue with complex political and aesthetic issues.
=540  \\$aThere are copyright restrictions on this collection. For more information, go to the online version of this video.
=600  10$aBopp, Raul.$tCobra norato.
=650  \0$aPuppet theater$zBrazil.
=650  \0$aFolklore$zAmazon River Region.
=650  \0$aFolklore$zBrazil.
=653  \\$aPerforming heritage
=655  \7$aPerformances.$2nyu-hidvl
=655  \7$aTheater.$2nyu-hidvl
=655  \7$aPuppet theater.$2nyu-hidvl
=655  \7$aPuppetry (performing arts).$2aat
=655  \7$aPerformances (entertainment events).$2aat
=655  \7$aPerformance art.$2aat
=655  \7$aTheater (discipline).$2aat
=700  1\$aBopp, Raul.$4aut
=710  2\$aGiramundo Teatro de Bonecos.$4cre$4prf
=710  2\$aHemispheric Institute of Performance and Politics.$4pro
=710  2\$aUniversidade Federal de Minas Gerais.$4pro
=710  2\$aHemispheric Institute Digital Video Library.
=711  2\$aHemispheric Institute Encuentro$n(5th :$d2005 :$cBelo Horizonte, Brazil).$tPerforming heritage : contemporary indigenous and community-based practices.
=856  40$uhttp://hdl.handle.net/2333.1/b5mkkwrh

