=LDR  04073cgm a2200601 a 4500
=001  000516164
=003  NNU
=004  NYUb13505164
=005  20090409170143.0
=006  m\\\\\\\\z\\\\\\\\
=007  vd\cvaizu
=007  vf\ciahou
=007  cr\cna
=007  cr\|||||||||||
=008  070613e20050316bl\056\\\\\\\\\\\\vlspa\d
=024  7\$aHI2006_042_01$2nyu-hidvl
=024  7\$aHI2006.042_01$2nyu-hidvl
=035  \\$a(NYU)NYUb13505164
=040  \\$aNNU$cNNU$eamim
=041  0\$aspa$aarn
=245  00$aInterview with Luisa Calcumil$h[videorecording].
=246  30$aLuisa Calcumil
=260  \\$c2005 Mar. 16.
=300  \\$3master.$a1 videocassette of 1 (Digital Betacam) (56 min.) :$bsd., col. ;$c1/2 in.
=300  \\$3viewing copy.$a1 videodisc of 1 (DVD) (56 min.) :$bsd., col. ;$c4 3/4 in.
=530  \\$aAlso available online as streaming video.
=546  \\$aIn Spanish with some Mapudungún.
=500  \\$aTitle supplied by Hemispheric Institute.
=500  \\$aPart of the Hemispheric Institute Digital Video Library.
=534  \\$pMedia source original:$e1 videocassette of 1 (Mini DV) : sd., col. ; 1/4 in. SP.$mSony DVM60.
=518  \\$aInterviewed on Mar. 16, 2005, as part of the Hemispheric Institute's 5th Encuentro in Belo Horizonte, Brazil.
=508  \\$aHemispheric Institute of Performance and Politics, producer ; Universidade Federal de Minas Gerais (UFMG), producer ; Pilar Rau, videographer.
=511  0\$aLuisa Calcumil, interviewee ; Diana Taylor, interviewer.
=520  \\$aLuisa Calcumil is a Mapuche actress, director and playwright from the South of Argentina (Patagonia). She began her career as an actress in 1975. After performing in twenty plays, five films and various television programs, she felt she was not represented in the roles she played. So she decided to write her own scripts: 'Hebras' and 'Es bueno mirarse en la propia sombra.' In this interview, conducted by Diana Taylor at the Hemispheric Institutes 5th Encuentro (Belo Horizonte, Brazil, 2005), Luisa begins by introducing herself in Mapudungún (her indigenous language), saying, 'I am a person of the land, the land down south that our dear ancestors called Cold Swamp but is now known as General Roca With the protection of the Great Mother of the Sky, the Great Father of the Sky, the Young Woman and the Young Man of the Sky I have been able to arrive here today.' She tells the story of her difficult childhood and how she came to the world of theater. She also discusses her solo performance, 'Es bueno mirarse en la propia sombra' ('Its Good to See Ourselves in Our Own Shadow'), which she presented at the Encuentro. Through her work, she wishes to transmit the Mapuche worldview, which she says is different from that of 'the white world', being mainly oral and musical. She wants to break with stereotypes of indigenous peoples, who have been so widely represented by others; she calls for self-representation, respect for traditions and the renewal of hope for her community.
=540  \\$aThere are copyright restrictions on this collection. For more information, go to the online version of this video.
=600  10$aCalcumil, Luisa$vInterviews.
=650  \0$aMapuche women$vInterviews.
=650  \0$aMapuche Indians.
=650  \0$aIndigenous peoples.
=653  \\$aIndigenous performance
=655  \7$aInterview.$2nyu-hidvl
=700  1\$aCalcumil, Luisa.$4ive
=700  1\$aTaylor, Diana,$d1950-$4ivr
=700  1\$aRau, Pilar.$4vdg
=710  2\$aHemispheric Institute of Performance and Politics.$4pro
=710  2\$aUniversidade Federal de Minas Gerais.$4pro
=710  2\$aHemispheric Institute Digital Video Library.
=711  2\$aHemispheric Institute Encuentro$n(5th :$d2005 :$cBelo Horizonte, Brazil).$tPerforming heritage : contemporary indigenous and community-based practices.
=856  40$uhttp://hdl.handle.net/2333.1/cvdnck2v

