=LDR  04567cgm a2200697 a 4500
=001  000557631
=003  NNU
=004  NYUb13550197
=005  20090409170137.0
=006  m\\\\\\\\z\\\\\\\\
=007  vd\cvaizu
=007  vf\ciahou
=007  cr\cna
=007  \\vd
=007  cr\|||||||||||
=008  071107e20050312bl\068\\\\\\\\\\\\vlspa\d
=024  7\$aHI2005_085_01$2nyu-hidvl
=024  7\$aHI2005_086_01$2nyu-hidvl
=024  7\$aHI2005.085_01$2nyu-hidvl
=040  \\$aNNU$cNNU$eamim
=041  0\$aspa
=245  00$aLuisa Calcumil :$bes bueno mirarse en la propia sombra$h[videorecording]
=246  31$aLuisa Calcumil :$bit's good to see ourselves in our own shadow
=246  30$aEs bueno mirarse en la propia sombra
=246  1\$iTitle on DVD cover and title screen:$aLuisa Calcumil
=260  \\$c2005 Mar. 12.
=300  \\$3master.$a2 videocassettes of 2 (Digital Betacam) (68 min.) :$bsd., col. ;$c1/2 in.
=300  \\$3viewing copy.$a2 videodiscs of 2 (DVD) (68 min. : pt.1, 50 min. ; pt.2, 18 min.) :$bsd., col. ;$c4 3/4 in.
=530  \\$aAlso available online as streaming video.
=546  \\$aIn Spanish.
=500  \\$aTitle supplied by Hemispheric Institute.
=500  \\$aPart of the Hemispheric Institute Digital Video Library.
=534  \\$pMedia source original:$e1 videocassette of 1 (Mini DV) : sd., col. ; 1/4 in. SP.$mPanasonic Mini DV DVM60.
=518  \\$aPerformed at Teatro da Cidade on Mar. 12, 2005, as part of the Hemispheric Institute's 5th Encuentro in Belo Horizonte, Brazil, entitled Performing Heritage: Contemporary Indigenous and Community-Based Practices.
=508  \\$aHemispheric Institute, producer ; Universidade Federal de Minas Gerais, producer ; Luisa Calcumil, creator, writer, director ; Valeria Fidel, lighting design.
=511  1\$aLuisa Calcumil.
=520  \\$aLuisa Calcumil's 1987 solo show, 'Es bueno mirarse en la propia sombra' is a plea for the preservation of Mapuche indigenous culture in the face of the homogenizing forces of globalization. The play opens with Calcumil's voice in the dark, introducing herself in the Mapuche language as 'a person of the earth.' We then see her as a grandmother singing in Mapuche and being killed by white invaders who destroy indigenous land and build nuclear dumps. Next is the story of Julia and her mother: in dire financial straits, Julia's mother is forced to send Julia to work in the city as a maid. After many years, she goes back for her, only to find out she?s left her job and given birth to a boy. Calcumil then transforms into Julia, dancing to pop music, wearing flashy clothes. Julia constantly tells herself, 'You're so beautiful, Julia!' 'Why think?' 'Your skin is whiter!' She wants to forget she was raped, forget where she came from, forget she is Mapuche. But even as she calls herself Julie and gets a Western education, her dead grandmother appears in her dreams singing traditional songs, relentlessly reminding her that she can't deny her roots. This video documents Calcumil's performance at the Teatro da Cidade in Belo Horizonte, Brazil, as a part of the 5th Encuentro of the Hemispheric Institute of Performance and Politics, titled Performing Heritage: Contemporary Indigenous and Community-Based Practices (http://hemisphericinstitute.org/eng/seminar/brazil2005/index.html).
=540  \\$aThere are copyright restrictions on this collection. For more information, go to the online version of this video.
=650  \0$aMapuche women.
=650  \0$aMapuche Indians.
=650  \0$aWomen in the performing arts.
=655  \7$aPerformance.$2nyu-hidvl
=655  \7$aTheater.$2nyu-hidvl
=655  \7$aMapuche theater.$2nyu-hidvl
=655  \7$aArgentinean theater.$2nyu-hidvl
=655  \7$aOne-person shows (Performing arts).$2nyu-hidvl
=700  1\$aCalcumil, Luisa.$4cre$4aut$4drt
=710  2\$aUniversidade Federal de Minas Gerais.
=710  2\$aHemispheric Institute of Performance and Politics.
=710  2\$aHemispheric Institute Digital Video Library.
=711  2\$aHemispheric Institute Encuentro$n(5th :$d2005 :$cBelo Horizonte, Brazil).$tPerforming heritage : contemporary indigenous and community-based practices.
=853  00$81$apt.
=863  50$81.1$a1$p31142046121664
=863  50$81.2$a2$p31142046121318
=856  40$uhttp://hdl.handle.net/2333.1/mkkwh7bk
=954  \\$81$aVolumes

