=LDR  04631cgm a22006135a 4500
=001  000513625
=003  NNU
=004  NYUb13502300
=005  20090409170149.0
=006  m\\\\\\\\z\\\\\\\\
=007  vd\cvaizu
=007  vf\ciahou
=007  cr\cna
=007  cr\|||||||||||
=008  070605e20050313bl\041\\\\\\\\\\\\vleng\d
=024  7\$aHI2007_011_01$2nyu-hidvl
=024  7\$aHI2007.011_01$2nyu-hidvl
=035  \\$a(NYU)NYUb13502300
=040  \\$aNNU$cNNU$eamim
=043  \\$an-us---
=245  04$aThe role of the arts in a time of crisis$h[videorecording].
=260  \\$c2005 Mar. 13.
=300  \\$3master.$a1 videocassette of 1 (Digital Betacam) (41 min.) :$bsd., col. ;$c1/2 in.
=300  \\$3viewing copy.$a1 videodisc of 1 (DVD) (41 min.) :$bsd., col. ;$c4 3/4 in.
=530  \\$aAlso available online as streaming video.
=500  \\$aTitle supplied by Hemispheric Institute.
=500  \\$aPart of the Hemispheric Institute Digital Video Library.
=534  \\$pMedia source original:$e1 videocassette of 1 (Mini DV) : sd., col. ; 1/4 in. SP.$mPanasonic DVM60.
=518  \\$aAddress delivered on Mar. 13, 2005, as part of the Hemispheric Institute's 5th Encuentro in Belo Horizonte, Brazil.
=508  \\$aHemispheric Institute of Performance and Politics, producer ; Universidade Federal de Minas Gerais (UFMG), producer.
=511  0\$aMary Schmidt Campbell, keynote speaker ; Diana Taylor, introducer.
=520  \\$aKeynote address delivered by Mary Schmidt Campbell at the Hemispheric Institute's 5th Encuentro in Belo Horizonte, Brazil, in 2005 (http://hemi.nyu.edu/eng/seminar/brazil2005). Titled The Role of the Arts in a Time of Crisis, the keynote addressed the theme of the role of artists and intellectuals in times of cultural, political and economic crisis. Ms. Campbell focused her lecture on the current cultural climate in the United States, from the culture wars of the 1980s to issues of surveillance and fear surrounding the Patriot Act, paying special attention to considerations of civil liberties and the public expression of dissent. By means of examples of how works by 20th century artists engage with their political and social contexts, Campbell emphasized the critical role of artists, intellectuals and educators in terms of social conscience, moral critique, and collective action. Scholar, author and former New York City Cultural Affairs Commissioner, Ms. Campbell was, at the time of her keynote address, Dean of the Tisch School of the Arts at New York University. Dr. Campbell began her career in New York as the executive director of the Studio Museum in Harlem, widely regarded as the principal center for the study of African and African-American Art. Dean Campbell, who authored several catalogues on African-American artists, and frequently curated major exhibitions, firmly established the Museum as a major New York City cultural institution. In 1999, Crain's New York selected her as one of the City's 100 Most Influential Women in business, and in 2001 she was inducted into the American Academy of Arts and Sciences. Dean Campbell co-authored the books Harlem Renaissance: Art of Black America and Memory and Metaphor: The Art of Romare Bearden, 1940-1987. A noted expert on the artist Romare Bearden, Dr. Campbell also lectures and publishes widely on a range of subjects including arts policy issues and American cultural history.
=540  \\$aThere are copyright restrictions on this collection. For more information, go to the online version of this video.
=600  10$aCampbell, Mary Schmidt.
=650  \0$aArt and state$zUnited States.
=650  \0$aCulture conflict$zUnited States.
=650  \0$aArt$xSocial aspects$zUnited States.
=650  \0$aArt$xPolitical aspects$zUnited States.
=651  \0$aUnited States$xCultural policy.
=653  \\$aCrisis and the arts
=653  \\$aCultural wars
=653  \\$aPerforming heritage
=655  \7$aKeynote addresses.$2nyu-hidvl
=655  \7$aSpeeches.$2aat
=700  1\$aCampbell, Mary Schmidt.$4spk
=710  2\$aHemispheric Institute of Performance and Politics.$4pro
=710  2\$aUniversidade Federal de Minas Gerais.$4pro
=710  2\$aHemispheric Institute Digital Video Library.
=711  2\$aHemispheric Institute Encuentro$n(5th :$d2005 :$cBelo Horizonte, Brazil).$tPerforming heritage : contemporary indigenous and community-based practices.
=856  40$uhttp://hdl.handle.net/2333.1/v41ns23z

