=LDR  04116cgm  2200661 a 4500
=001  000557645
=003  NNU
=004  NYUb13550212
=005  20090409170154.0
=006  m\\\\\\\\z\\\\\\\\
=007  vd\cvaizu
=007  vf\ciahou
=007  cr\cna
=007  cr\|||||||||||
=008  071107e20050314bl\061\\\\\\\\\\\\vlspa\d
=024  7\$aHI2005_087_01$2nyu-hidvl
=024  7\$aHI2005.087_01$2nyu-hidvl
=035  \\$a(NYU)NYUb13550212
=040  \\$aNNU$cNNU$eamim
=041  0\$aspa
=043  \\$an-mx---
=245  00$aCoatlicue Theatre :$bCaracol, corazón de la tierra, flor de la esperanza$h[videorecording]
=246  31$aCoatlicue Theatre :$bCaracol, heart of the earth, flower of hope
=246  30$aCaracol, corazón de la tierra, flor de la esperanza
=246  1\$iTitle on DVD cover and title screen:$aCoatlicue Theater
=260  \\$c2005 Mar. 14.
=300  \\$a1 videocassette of 1 (Digital Betacam) (61 min.) :$bsd., col. ;$c1/2 in.$3master.
=300  \\$a1 videodisc of 1 (DVD) (61 min.) :$bsd., col. ;$c4 3/4 in.$3viewing copy.
=530  \\$aAlso available online as streaming video.
=546  \\$aIn Spanish.
=500  \\$aTitle supplied by Hemispheric Institute.
=500  \\$aPart of the Hemispheric Institute Digital Video Library.
=534  \\$pMedia source original:$e1 videocassette of 1 (Mini DV) : sd., col. ; 1/4 in. SP.$mPanasonic Mini DV DVM60.
=518  \\$aPerformed at Teatro Francisco Nunes on Mar. 14, 2005, as part of the Hemispheric Institute's 5th Encuentro in Belo Horizonte, Brazil, entitled Performing Heritage: Contemporary Indigenous and Community-Based Practices.
=508  \\$aHemispheric Institute, producer ; Universidade Federal de Minas Gerais, producer ; Coatlicue Theatre, creator ; Elvira Colorado, writer ; Hortencia Colorado, writer ; Tamara Underiner, introducer ; Terence Turner, introducer.
=511  1\$aElvira Colorado, Hortencia Colorado.
=520  \\$aElvira and Hortencia Colorado, Chichimec Otomi storytellers, playwrights, performers and community activists are founding members of the Coatlicue Theatre Company. Based in New York City, they are also members of danza Mexica Cetiliztli, New York Zapatistas and the American Indian Community House. 'Caracol, Corazón de la Tierra, Flor de la Esperanza' was created after the Colorado sisters lived and worked with communities in five autonomous municipalities in Chiapas, México. Their text is weaved from the voices of the Zapatista indigenous women they encountered. It is a collage of their thoughts, stories and music: the fire of their resistance, struggle and hope for a better future. This play was performed at the Francisco Nunes theater in Belo Horizonte, Brazil, as a part of the 5th Encuentro of the Hemispheric Institute of Performance and Politics, titled Performing Heritage: Contemporary Indigenous and Community-Based Practices (http://hemisphericinstitute.org/eng/seminar/brazil2005/index.html).
=540  \\$aThere are copyright restrictions on this collection. For more information, go to the online version of this video.
=650  \0$aIndigenous women$zMexico.
=650  \0$aIndians of Mexico.
=653  \\$aZapatistas
=655  \7$aPerformance.$2nyu-hidvl
=655  \7$aTheater.$2nyu-hidvl
=655  \7$aPolitical performance.$2nyu-hidvl
=655  \7$aIndigenous performance.$2nyu-hidvl
=655  \7$aMexican theater.$2nyu-hidvl
=700  1\$aColorado, Elvira.$4aut$4prf
=700  1\$aColorado, Hortencia.$4aut$4prf
=710  2\$aCoatlicue Theatre Company.
=710  2\$aUniversidade Federal de Minas Gerais.
=710  2\$aHemispheric Institute of Performance and Politics.
=710  2\$aHemispheric Institute Digital Video Library.
=711  2\$aHemispheric Institute Encuentro$n(5th :$d2005 :$cBelo Horizonte, Brazil).$tPerforming heritage : contemporary indigenous and community-based practices.
=856  40$uhttp://hdl.handle.net/2333.1/gtht76t7

