=LDR  03232cgm a2200613 a 4500
=001  000517993
=003  NNU
=004  NYUb13507125
=005  20080128172302.0
=006  m\\\\\\\\z\\\\\\\\
=007  vd\cvaizu
=007  vf\ciahou
=007  cr\cna
=007  cr\|||||||||||
=008  070619e20050629nyu008\\\\\\\\\\\\vleng\d
=024  7\$aHI2006_023_01$2nyu-hidvl
=024  7\$aHI2006.023_01$2nyu-hidvl
=035  \\$a(NYU)NYUb13507125
=040  \\$aNNU$cNNU$eamim
=043  \\$an-us-ny
=245  00$aInterview with Jesse Cooday (Tinglit)$h[videorecording].
=246  30$aJesse Cooday
=260  \\$c2005 June 29.
=300  \\$3master.$a1 videocassette of 1 (Digital Betacam) (8 min.) :$bsd., col. ;$c1/2 in.
=300  \\$3viewing copy.$a1 videodisc of 1 (DVD) (8 min.) :$bsd., col. ;$c4 3/4 in.
=490  1\$aHemispheric Institute featured interviews
=530  \\$aAlso available online as streaming video.
=500  \\$aTitle supplied by Hemispheric Institute.
=500  \\$aPart of the Hemispheric Institute Digital Video Library.
=534  \\$pMedia source original:$e1 videocassette of 1 (Mini DV) : sd., col. ; 1/4 in. SP.$mPanasonic DVM60.
=518  \\$aInterviewed in New York City on June 29, 2005.
=508  \\$aHemispheric Institute of Performance and Politics, producer ; Janhavi Pakrashi, videographer.
=511  0\$aJesse Cooday, interviewee ; Raquel Chapa, interviewer.
=520  \\$aIn this interview, conducted by the Hemispheric Institute's Native curator Raquel Chapa, Native American artist Jesse Cooday (Tinglit) talks about his work in both the American Indian Community House (AICH) gallery -where he has assisted the gallery director- and its performing arts department, as well as his work during the late 80's, his activism in Alaska, and his work as a photographer. Cooday also reminisces about the many prominent Native artists that have come through the AICH. This interview complements the Hemispheric Institute Digital Video Library project's American Indian Community House collection. It is also featured on-line in the Hemispheric Institute's web cuaderno titled 'Native Performance in New York City at the American Indian Community House.'
=540  \\$aThere are copyright restrictions on this collection. For more information, go to the online version of this video.
=600  10$aCooday, Jesse$vInterviews.
=610  20$aAmerican Indian Community House (New York, N.Y.)
=650  \0$aIndians of North America.
=650  \0$aIndian arts$zNew York (State)$zNew York.
=650  \0$aIndian artists$zNew York (State)$zNew York.
=653  \\$aNative artists
=653  \\$aIndigenous performance
=655  \7$aInterview.$2nyu-hidvl
=700  1\$aCooday, Jesse.$4ive
=700  1\$aChapa, Raquel.$4ivr
=700  1\$aPakrashi, Janhavi.$4vdg
=710  2\$aHemispheric Institute of Performance and Politics.$4pro
=710  2\$aHemispheric Institute Digital Video Library.
=830  \0$aHemispheric Institute featured interviews.
=856  40$uhttp://hdl.handle.net/2333.1/63xsj416

