=LDR  03992cgm  22006495a 4500
=001  000506744
=003  NNU
=004  NYUb13494726
=005  20080214135759.0
=006  m\\\\\\\\z\\\\\\\\
=007  vd\cvaizu
=007  vf\ciahou
=007  cr\cna
=007  cr\|||||||||||
=008  070508e200507uunyu053\\\\\\\\\\\\vleng\d
=024  7\$aHI2006_065_01$2nyu-hidvl
=024  7\$aHI2006.065_01$2nyu-hidvl
=040  \\$aNNU$cNNU$eamim
=043  \\$an-us---
=245  04$aThe values horror show$h[videorecording].
=260  \\$c2005 July.
=300  \\$a1 videocassette of 1 (Digital Betacam) (53 min.) :$bsd., col. ;$c1/2 in.$3master.
=300  \\$a1 videodisc of 1 (DVD) (53 min.) :$bsd., col. ;$c4 3/4 in.$3viewing copy.
=490  1\$aSusana Cook collection
=530  \\$aAlso available online as streaming video.
=500  \\$aTitle supplied by Hemispheric Institute.
=500  \\$aPart of the Hemispheric Institute Digital Video Library.
=534  \\$pMedia source original:$e1 videocassette of 1 (Mini DV) : sd., col. ; 1/4 in. SP.$mMaxell DVM60SE.
=518  \\$aPerformed at Dixon Place, New York City, in July 2005.
=508  \\$aSusana Cook, producer, writer, director ; Dixon Place, producer ; Lucy Mackinnon, video artist ; Julian Mesri, sound design.
=511  1\$aSusana Cook, Simba Yangala, Mistah, Lucy Mackinnon, Soraya Odishoo, Sandra Garcia, Migdalia Jimenez.
=520  \\$aSusana Cook (www.susanacook.com) is a New York-based Argentinean theater and performance artist. Mainly directed to queer and Latino communities in New York City, Cook's work also encompasses a heated response to broader State policies that oppress communities defined in the intersection of race, gender, and class. In her shows, Cook parodies discourses of power, drawing attention to the close ties between the state, religious and political conservatism, and the military. Cook's plays usually feature all-women casts that defy the normative performance of gender, race, and sexuality. 'The Values Horror Show' was written as a response to the 2004 US election campaign ran by the Neo-conservatist agenda that claimed to protect 'family values' and 'the sanctity of marriage'. While proclaiming themselves as defenders of traditional values in America, the Neo-conservatists did not intervene in matters of murder, war, poverty, and genocide that came along. The show starts with a war. Two armies are fighting for God and they have similar prophets and commandments. It is confusing who is fighting in what army. During the show, the soldiers become the workers who end up confronting Lady Incorporated, a character that represents capitalism. Throughout the play, Cook interweaves American traditional values with the current policies against ethnic minorities other marginalized sectors of American society.
=540  \\$aThere are copyright restrictions on this collection. For more information, go to the online version of this video.
=650  \0$aConservatism$zUnited States.
=650  \0$aWar on Terrorism, 2001-
=650  \0$aIdentity (Psychology)
=651  \0$aUnited States$xPolitics and government.
=653  \\$aNeo-conservatism
=653  \\$aPolitical performance
=653  \\$aIdentity politics
=655  \7$aPerformance.$2nyu-hidvl
=655  \7$aTheater.$2nyu-hidvl
=655  \7$aPolitical performance.$2nyu-hidvl
=655  \7$aQueer/Gay/Lesbian performance.$2nyu-hidvl
=655  \7$aFeminist performance.$2nyu-hidvl
=700  1\$aCook, Susana.$4pro$4aut$4drt$4prf
=700  1\$aMackinnon, Lucy.$4art$4prf
=700  1\$aMesri, Julian.$4oth
=710  2\$aDixon Place.$4pro
=710  2\$aHemispheric Institute Digital Video Library.
=830  \0$aSusana Cook collection.
=856  40$uhttp://hdl.handle.net/2333.1/0cfxpp34

