=LDR  05823cgm a2200577 a 4500
=001  003765773
=005  20140418144306.0
=006  m\\\\\\\\c\\\\\\\\
=007  cr\cna|||m|||a
=007  cr\|||||||||||
=008  130614s2005\\\\bl\354\\\\\\\\s\\\vlpor\d
=024  7\$aHI2011_022_A_01$2nyu-hidvl
=024  7\$aHI2011_022_B_01$2nyu-hidvl
=040  \\$aNNU$beng$cNNU
=041  0\$apor
=043  \\$as-bl---
=245  03$aOs Sertões$h[videorecording] :$ba luta I = Os Sertões : the struggle I /$cAssociação Teat(r)o Oficina Uzyna Uzona, Lucas Weglinski, Marcelo Drummond, producers ; José Celso Martinez Corrêa, Marcelo Drummond, Fernando Coimbra, Tommy Pietra, writers ; José Celso Martinez Corrêa, director.
=246  31$aOs Sertões :$bthe struggle I
=260  \\$c2005.
=300  \\$3viewing copy.$a1 streaming video (353 min., 45 sec.: 1st act, 188 min., 41 sec.; 2nd act, 165 min., 4 sec.) :$bsd., col.
=490  1\$aTeatro Oficina collection
=546  \\$aIn Portuguese.
=500  \\$aTitle supplied by Hemispheric Institute.
=500  \\$aPart of the Hemispheric Institute Digital Video Library.
=500  \\$aBased on the book, Os Sertões, by Euclides da Cunha.
=518  \\$aRecorded in São Paulo, Brazil, in 2005.
=508  \\$aElaine Cesar, videographer ; Daniel Lemos, Marília Halla, Elaine Cesar, editors ; Arnaldo Mesquita, cinematographer ; Catherine Hirsch, consultant ; Camila Mota, co-director.
=511  1\$aAdriana Capparelli, Adriana Viegas, Adriano Salhab, André Santana Lagartixa, Anna Guilhermina, Aury Porto, Camila Mota, Céllia Nascimento, Daniel Camilo, Danilo Tomic, Elenildo de Moura (Uga), Fabianna Serroni, Félix Oliveira, Fernando Coimbra, Fioravante Almeida, Francisco Rodrigues (Rato), Fransérgio Araújo, Fred Steffen, Freddy Allan, Guilherme Calzavara, Ito Alves, Juliane Elting, Karina Buhr, Letícia Coura, Lucas Weglinski, Luciana Domschke, Marcelo Drummond, Mariana de Moraes, Mariano Mattos Martins, Naomy Schölling, Otávio Ortega, Patrícia Aguille, Pedro Epifânio, Ricardo Bittencourt, Rodolfo Dias Paes (Dipa), Sálvio Prado, Samuel de Assis, Sylvia Prado, Vera Barreto Leite, Wilson Feitosa Jr., Zé Celso Martinez Corrêa, Zé de Paiva, performers ; Adriana Capparelli, Adriano Salhab, André Santana Lagartixa, Daniel Camilo, Danilo Tomic, Guilherme Calzavara, Ito Alves, Karina Buhr, Letícia Coura, Otávio Ortega, musicians.
=520  \\$aDedicated to 'the poet Oswald de Andrade and to the businessman, showman, and actor Sílvio Santos,' the third part of the book tells the causing incident of the war, when a judge from Juazeiro stopped a shipment of wood that was paid for from being delivered for the construction of the New Church of Canudos. Three expeditions were sent by the National Army and defeated, the last one commanded by the famous Colonel Moreira César. The Army faced the humiliation of soldiers deserting and running away, and the impaling of Colonel Tamarindo. He ended up being the main character in a macabre installation on the road to Canudos, created by the Jagunços (thugs from the sertão) and the Mandrakes to intimidate new expeditions. The first movement of A Luta is written in cordel verse (popular string literature form). A Luta I also amplifies the performance space, with trench houses from the invincible Canudos that effectively form a spinal cord in the runway, and the aerial spaces of the mutãs, hideouts used by the Indians in the top branches of trees to hunt the jaguar, which the followers of Antônio Conselheiro reinvented. Lirinha, a musician from the Pernambuco band Cordel do Fogo Encantado, brought his passion for soundtracks, recording sounds from the theater itself, and transforming them into shots, artillery, creating with music the vanguard of the fight. The physical space of the performance is extended to the world, with recorded images, sampled, embroidered, in the streets that surround the theater, in the dressing rooms, in places hidden from the direct sight of the audience, making live cinema.
=520  \\$aFrom 2000 to 2007, Teat(r)o Oficina Uzyna Uzona worked on the staging of Euclides da Cunha's epic book, Os Sertões, which describes the 19th Century War of Canudos in the Brazilian 'sertão,' lead by Antônio Conselheiro. The final result was a pentalogy, formed by the plays A Terra (2002), O Homem I (2003), O Homem II (2003), A Luta I (2005), and A Luta II (2006), totalizing 27 hours of theater. Os Sertões reads the episodes of the war in light of past and present Brazilian history, and in relation to the struggle of the group against media mogul Sílvio Santos, who wanted to tear down the historic theater.
=534  \\$pMedia source original:$e1 digital video : sd., col.
=540  \\$aThere are copyright restrictions on this collection. For more information, go to the online version of this video.
=600  10$aCunha, Euclides da,$d1866-1909.$tSertões$vAdaptations.
=650  \0$aCannibalism$zBrazil$vDrama.
=650  \0$aNature$xEffect of human beings on$vDrama.
=650  \0$aTheater and society$zBrazil.
=651  \0$aCanudos (Euclides da Cunha, Brazil)
=651  \0$aBrazil$xHistory$yCanudos Campaign, 1893-1897$vDrama.
=655  \7$aPerformance.$2nyu-hidvl
=655  \7$aTheater.$2nyu-hidvl
=700  1\$aCorrea, José Celso Martinez.$4cre$4drt
=700  1\$aCoimbra, Fernando.$4cre
=700  1\$aPietra, Tommy.$4cre
=700  1\$aDrummond, Marcelo.$4cre$4pro
=700  1\$aWeglinski, Lucas.$4pro
=700  1\$aCunha, Euclides da,$d1866-1909.$tSertões.
=710  2\$aTeatro Oficina (São Paulo, Brazil)$4pro
=710  2\$aHemispheric Institute Digital Video Library.
=830  \0$aTeatro Oficina collection.
=856  40$uhttp://hdl.handle.net/2333.1/t76hdsxb

