=LDR  04774cgm a2200685 a 4500
=001  000557665
=003  NNU
=004  NYUb13550233
=005  20090409170200.0
=006  m\\\\\\\\z\\\\\\\\
=007  vd\cvaizu
=007  vf\ciahou
=007  cr\cna
=007  cr\|||||||||||
=008  071107e20050314bl\047\\\\\\\\\\\\vlspa\d
=024  7\$aHI2005_088_01_enh$2nyu-hidvl
=024  7\$aHI2005.088_01_enh$2nyu-hidvl
=035  \\$a(NYU)NYUb13550233
=040  \\$aNNU$cNNU$eamim
=041  0\$aspa
=043  \\$an-mx---
=245  00$aFortaleza de la Mujer Maya (FOMMA) :$bSoledad y Esperanza$h[videorecording]
=246  31$aFortaleza de la Mujer Maya (FOMMA) :$bSoledad and Esperanza
=246  30$aSoledad and Esperanza
=246  1\$iTitle on DVD cover and title screen:$aSoledad y Esperanza
=260  \\$c2005 Mar. 14.
=300  \\$3master.$a1 videocassette of 1 (Digital Betacam) (47 min.) :$bsd., col. ;$c1/2 in.
=300  \\$3viewing copy.$a1 videodisc of 1 (DVD) (47 min.) :$bsd., col. ;$c4 3/4 in.
=530  \\$aAlso available online as streaming video.
=546  \\$aIn Spanish.
=500  \\$aTitle supplied by Hemispheric Institute.
=500  \\$aPart of the Hemispheric Institute Digital Video Library.
=534  \\$pMedia source original:$e1 videocassette of 1 (Mini DV) : sd., col. ; 1/4 in. SP.$mPanasonic Mini DV DVM60.
=518  \\$aPerformed at Teatro Francisco Nunes on Mar. 14, 2005, as part of the Hemispheric Institute's 5th Encuentro in Belo Horizonte, Brazil, entitled Performing Heritage: Contemporary Indigenous and Community-Based Practices.
=508  \\$aHemispheric Institute, producer ; Universidade Federal de Minas Gerais, producer ; FOMMA, creator ; Petrona de la Cruz Cruz, writer ; Isabel Juárez Espinosa, writer ; Doris Difarnecio, director.
=511  1\$aPetrona de la Cruz Cruz, Isabel Juárez Espinosa.
=520  \\$aFortaleza de la Mujer Maya (FOMMA) is run by Petrona de la Cruz Cruz and Isabel Juárez Espinosa in Chiapas, Mexico. Their programs educate indigenous women and children in Tzeltal, Tzotzil and Spanish as well as offering an extensive array of vocational skills and theater workshops. FOMMA also provides services like childcare, women's rights education and healthcare. Partly based on Isabel's life, their play 'Soledad y Esperanza' is the story of two young indigenous sisters who have suffered physical and emotional abuse throughout their lives. Esperanza dreams of an education and of life in the big city. But her older sister Soledad denies her the chance to go to school and instead forces her to work as a maid for a dominating mestiza in the city. Despite the challenges she faces in this environment, Esperanza falls in love with Juan, the gardener. Once they're married, Juan and his new family return to his community, where he owns fertile lands that promise economic stability. Their happiness is short-lived, however, as Juan is brutally murdered by enemies who desire his property. Esperanza, alone and pregnant, sees no future in staying there. She decides to leave on an uncertain journey towards the border, dreaming of a better life. This piece was performed at the Francisco Nunes theater in Belo Horizonte, Brazil, as a part of the 5th Encuentro of the Hemispheric Institute of Performance and Politics, titled Performing Heritage: Contemporary Indigenous and Community-Based Practices (http://hemisphericinstitute.org/eng/seminar/brazil2005/index.html).
=540  \\$aThere are copyright restrictions on this collection. For more information, go to the online version of this video.
=650  \0$aIndigenous women$zMexico.
=650  \0$aIndigenous women$zMexico$xSocial conditions.
=650  \0$aWomen$zMexico$zChiapas.
=650  \0$aTheater$zMexico.
=655  \7$aPerformance.$2nyu-hidvl
=655  \7$aTheater.$2nyu-hidvl
=655  \7$aIndigenous performance.$2nyu-hidvl
=655  \7$aMexican theater.$2nyu-hidvl
=655  \7$aPolitical performance.$2nyu-hidvl
=700  1\$aCruz Cruz, Petrona de la,$d1965-$4aut$4prf
=700  1\$aJuárez Espinosa, Isabel,$d1958-$4aut$4prf
=700  1\$aDifarnecio, Doris.$4drt
=710  2\$aFortaleza de la Mujer Maya (Organization)
=710  2\$aUniversidade Federal de Minas Gerais.
=710  2\$aHemispheric Institute of Performance and Politics.
=710  2\$aHemispheric Institute Digital Video Library.
=711  2\$aHemispheric Institute Encuentro$n(5th :$d2005 :$cBelo Horizonte, Brazil).$tPerforming heritage : contemporary indigenous and community-based practices.
=856  40$uhttp://hdl.handle.net/2333.1/c2fqz68r

