=LDR  03542cgm a2200637 a 4500
=001  000518007
=003  NNU
=004  NYUb13507139
=005  20080128171910.0
=006  m\\\\\\\\z\\\\\\\\
=007  vd\cvaizu
=007  vf\ciahou
=007  cr\cna
=007  cr\|||||||||||
=008  070619e20050728nyu028\\\\\\\\\\\\vleng\d
=024  7\$aHI2006_022_01$2nyu-hidvl
=024  7\$aHI2006.022_01$2nyu-hidvl
=040  \\$aNNU$cNNU$eamim
=043  \\$an-us-ny
=245  00$aInterview with Steve Elm (Oneida)$h[videorecording].
=246  30$aSteve Elm
=260  \\$c2005 July 28.
=300  \\$3master.$a1 videocassette of 1 (Digital Betacam) (28 min.) :$bsd., col. ;$c1/2 in.
=300  \\$3viewing copy.$a1 videodisc of 1 (DVD) (28 min.) :$bsd., col. ;$c4 3/4 in.
=490  1\$aHemispheric Institute featured interviews
=530  \\$aAlso available online as streaming video.
=500  \\$aTitle supplied by Hemispheric Institute.
=500  \\$aPart of the Hemispheric Institute Digital Video Library.
=534  \\$pMedia source original:$e1 videocassette of 1 (Mini DV) : sd., col. ; 1/4 in. SP.$mPanasonic DVM60.
=518  \\$aInterviewed in New York City on July 28, 2005.
=508  \\$aHemispheric Institute of Performance and Politics, producer ; Janhavi Pakrashi, videographer.
=511  0\$aSteve Elm, interviewee ; Raquel Chapa, interviewer.
=520  \\$aTrained at London's Rose Bruford College, Steve Elm (Oneida) has appeared as an actor in film, television and on the stage. Elm has worked as a playwright and director with London's Common Body Theatre, University of Manchester (England), the American Indian Community House (AICH) Youth Theatre Project, and was a founding member of Chuka Lokoli Native Theatre Ensemble in New York City. He has also worked as an actor with the Only Make Believe company in New York City and as an actor/teacher with CUNY's Creative Arts Team. In this interview, conducted by the Hemispheric Institutes Native curator Raquel Chapa, Elm focuses on his past work and his struggle to fight stereotyping in Native theater. This interview also complements the Hemispheric Institute Digital Video Library project's American Indian Community House (AICH) Collection. It is also featured on-line in the Hemispheric Institutes web cuaderno titled 'Native Performance in New York City at the American Indian Community House.'
=540  \\$aThere are copyright restrictions on this collection. For more information, go to the online version of this video.
=600  10$aElm, Steve$vInterviews.
=610  20$aAmerican Indian Community House (New York, N.Y.)
=650  \0$aIndian theater$zNew York (State)$zNew York.
=650  \0$aIndian artists$zNew York (State)$zNew York.
=650  \0$aIndian arts$zNew York (State)$zNew York.
=650  \0$aIndians of North America.
=650  \0$aNative American actors.
=653  \\$aNative theater
=653  \\$aIndigenous performance
=655  \7$aInterview.$2nyu-hidvl
=700  1\$aElm, Steve.$4ive
=700  1\$aChapa, Raquel.$4ivr
=700  1\$aPakrashi, Janhavi.$4vdg
=710  2\$aHemispheric Institute of Performance and Politics.$4pro
=710  2\$aHemispheric Institute Digital Video Library.
=830  \0$aHemispheric Institute featured interviews.
=856  40$uhttp://hdl.handle.net/2333.1/2bvq83hv

