=LDR  03388ngm a2200433   4500
=001  004191907
=005  20151001181844.0
=006  m\\\\\\\\c\\\\\\\\
=007  cr\cna|||m|||a
=007  cr\|||||||||||
=008  151001e20050320nyu004\\\\\\\\s\\\vleng\d
=024  7\$aHI2014_107_01$2nyu-hidvl
=040  \\$aNNU$beng$cNNU
=041  0\$aeng
=245  00$aFor art's sake$h[videorecording] /$cNicolás Dumit Estévez, creator.
=260  \\$c2005 Mar. 20.
=300  \\$3viewing copy.$astreaming video (3 min., 55 sec.) :$bsd., col.
=490  1\$aNicolás Dumit Estévez & Collaborators collection
=500  \\$aPart of the Hemispheric Institute Digital Video Library.
=500  \\$aTitle supplied by the Hemispheric Institute.
=511  1\$aNicolás Dumit Estévez, performer.
=518  \\$aPerformed in New York, NY, on March 20, 2005.
=520  \\$aModeled after El Camino de Compostela in Spain, artist Nicolás Dumit Estévez embarks on a series of seven pilgrimages, from Lower Manhattan to seven different museums on foot. With a heavy load of donated art publications strapped to his back, the artist reverses the relationship between art and religion with religion becoming a tool in the service of art. The artist has a large amount of donated art publications strapped to his back for a trip that took him from Lower Manhattan to East Harlem. El Museo del Barrio's Director Julián Zugazagoitia commemorates the performance by signing the artist's passport and Martha Wilson performs departed blessings.
=520  \\$aNicolás Dumit Estévez is an interdisciplinary artist working mainly in performance art and art-and-life experiences. He has exhibited and performed extensively in the US as well as internationally at venues such as madrid Abierto/ARCO, The IX Havana Biennial, PERFORMA 05 and 07, IDENSITAT, Prague Quadrennial, The Pontevedra Biennial, The Queens Museum of Art, MoMA, The MacDowell Colony, El Museo del Barrio, The Center for Book Arts, Longwood Arts Gallery/BCA, The Smithsonian National Museum of the American Indian, Franklin Furnace, and Lower Manhattan Cultural Council, among others. Residencies attended include P.S. 1/MoMA, Yaddo and the MacDowell Colony. He teaches at the Transart Institute in Berlin, Germany. Estévez is currently pursuing a Master in Theology and the Artsat Union Theological Seminary in New York. Born in Santiago de los Treinta Caballeros, Dominican Republic, he lives and works in the South Bronx.
=534  \\$pMedia source original:$e1 videocassette (Mini DV) : sd., col. ; 1/4 in. SP.$mSony Premium DVM60o
=540  \\$aThere are copyright restrictions on this collection. For more information, go to the online version of this video.
=546  \\$aIn English.
=650  \0$aPilgrims and pilgrimages in art$zNew York (State)$zNew York.
=650  \0$aArt and religion$xPolitical aspects.
=650  \0$aPerformance art$zNew York (N.Y.)$zManhattan.
=650  \0$aMuseums in art$zNew York (N.Y.)$zManhattan.
=655  \7$aPerformance$2nyu-hidvl
=655  \7$aStreet performance$2nyu-hidvl
=655  \7$aStreet intervention$2nyu-hidvl
=700  1\$aEstévez, Nicolás Dumit.$4cre$4prf
=710  2\$aHemispheric Institute Digital Video Library.
=830  \0$aNicolás Dumit Estévez & Collaborators collection.
=856  40$uhttp://hdl.handle.net/2333.1/76hdrb3f

