=LDR  04800cgm a2200721 a 4500
=001  000558055
=003  NNU
=004  NYUb13550633
=005  20090409170207.0
=006  m\\\\\\\\z\\\\\\\\
=007  vd\cvaizu
=007  vf\ciahou
=007  cr\cna
=007  \\vd
=007  cr\|||||||||||
=008  071107e20050317bl\100\\\\\\\\\\\\vlmul\d
=024  7\$aHI2005_091_01$2nyu-hidvl
=024  7\$aHI2005_092_01$2nyu-hidvl
=024  7\$aHI2005.091_01$2nyu-hidvl
=035  \\$a(NYU)NYUb13550633
=040  \\$aNNU$cNNU$eamim
=041  0\$aeng$apor$aspa
=245  00$aGuillermo Gómez-Peña, James Luna & Violeta Luna :$bNock-ma : el shame-man meets el Mexican't y la hija apócrifa de Frida Cola y Freddy Kruger in Brazil$h[videorecording]
=246  30$aNock-Ma :$bel shame-man meets el Mexican't y la hija apócrifa de Frida Cola y Freddy Kruger in Brazil
=246  1\$iTitle on DVD cover and title screen:$aNock-ma
=260  \\$c2005 Mar. 17.
=300  \\$3master.$a2 videocassettes of 2 (Digital Betacam) (100 min.) :$bsd., col. ;$c1/2 in.
=300  \\$3viewing copy.$a2 videodiscs of 2 (DVD) (100 min. : pt.1, 57 min. ; pt.2, 43 min.) :$bsd., col. ;$c4 3/4 in.
=530  \\$aAlso available online as streaming video.
=546  \\$aIn English, Spanish, and Portuguese.
=500  \\$aTitle supplied by Hemispheric Institute.
=500  \\$aPart of the Hemispheric Institute Digital Video Library.
=534  \\$pMedia source original:$e2 videocassettes of 2 (Mini DV) : sd., col. ; 1/4 in. SP.$mPanasonic Mini DV DVM60.
=518  \\$aPerformed at Teatro Francisco Nunes on Mar. 17, 2005, as part of the Hemispheric Institute's 5th Encuentro in Belo Horizonte, Brazil, entitled Performing Heritage: Contemporary Indigenous and Community-Based Practices.
=508  \\$aHemispheric Institute, producer ; Universidade Federal de Minas Gerais, producer ; Guillermo Gómez-Peña, creator ; Violeta Luna, creator ; James Luna, creator.
=511  1\$aGuillermo Gómez-Peña, James Luna, Violeta Luna, Amapola Prada.
=520  \\$a'Nock-ma' is a largely improvised three-hour collaboration between Guillermo Gómez-Peña (Mexican/Chicano), James Luna (Native American - Luiseno), and Violeta Luna (Mexican). This multimedia performance/installation was conceived as a 'sampling of apocalyptic post-colonial nightmares for an imaginary photo shoot': on its two main platforms, Violeta Luna and James Luna perform warped versions of various 'fetishized identities' such as Frida Kahlo and a Native American shaman. Meanwhile, Peruvian artist Amapola Prada, donning an indigenous feather crown, lies naked on a dentist's chair as the audience intervenes on her body with text and objects. Gómez-Peña circulates around the space, serving as an instigator of audience participation in what he calls a 'performatic karaoke.' As the performance progresses, audience members draw on their own political/aesthetic sensibilities to create images on stage. These evoke a wide range of issues, such as the Vatican sex scandal, homophobia, alcoholism in Indian communities, homelessness and the Iraq war, among many others. This performance was presented at the Francisco Nunes theater in Belo Horizonte, Brazil, as a part of the 5th Encuentro of the Hemispheric Institute of Performance and Politics, titled Performing Heritage: Contemporary Indigenous and Community-Based Practices (http://hemisphericinstitute.org/eng/seminar/brazil2005/index.html).
=540  \\$aThere are copyright restrictions on this collection. For more information, go to the online version of this video.
=650  \0$aPerforming arts$xSocial aspects.
=650  \0$aAnthropology$xSocial aspects.
=653  \\$aBorder art
=655  \7$aPerformance.$2nyu-hidvl
=655  \7$aPerformance art.$2nyu-hidvl
=655  \7$aPolitical performance.$2nyu-hidvl
=655  \7$aPerformance/Installation.$2nyu-hidvl
=655  \7$aReverse anthropology.$2nyu-hidvl
=700  1\$aGómez-Peña, Guillermo.$4cre$4prf
=700  1\$aLuna, Violeta,$d1943-$4cre$4prf
=700  1\$aLuna, James.$4cre$4prf
=710  2\$aPocha Nostra.
=710  2\$aUniversidade Federal de Minas Gerais.
=710  2\$aHemispheric Institute of Performance and Politics.
=710  2\$aHemispheric Institute Digital Video Library.
=711  2\$aHemispheric Institute Encuentro$n(5th :$d2005 :$cBelo Horizonte, Brazil).$tPerforming heritage : contemporary indigenous and community-based practices.
=853  00$81$apt.
=863  50$81.1$a1$p31142046121342
=863  50$81.2$a2$p31142046121359
=856  40$uhttp://hdl.handle.net/2333.1/3j9kd578
=954  \\$81$aVolumes

