=LDR  05220cgm a2200769 a 4500
=001  000557739
=003  NNU
=004  NYUb13550312
=005  20090409170212.0
=006  m\\\\\\\\z\\\\\\\\
=007  vd\cvaizu
=007  vf\ciahou
=007  cr\cna
=007  \\vd
=007  cr\|||||||||||
=008  071107e20050313bl\091\\\\\\\\\\\\vlmul\d
=024  7\$aHI2005_089_01$2nyu-hidvl
=024  7\$aHI2005_090_01$2nyu-hidvl
=024  7\$aHI2005.089_01$2nyu-hidvl
=035  \\$a(NYU)NYUb13550312
=040  \\$aNNU$cNNU$eamim
=041  0\$aeng$apor
=245  00$aMélange of contemporary American performance :$bQuetzal Guerrero, Larry Yazzie, David Pleasant & Dancing Earth$h[videorecording]
=246  1\$iTitle on DVD cover and title screen:$aMelange of contemporary American performance
=260  \\$c2005 Mar. 13.
=300  \\$3master.$a2 videocassettes of 2 (Digital Betacam) (91 min.) :$bsd., col. ;$c1/2 in.
=300  \\$3viewing copy.$a2 videodiscs of 2 (DVD) (91 min. : pt.1, 55 min. ; pt.2, 36 min.) :$bsd., col. ;$c4 3/4 in.
=530  \\$aAlso available online as streaming video.
=546  \\$aIn English and Portuguese.
=500  \\$aMusic and dance by contemporary Native American and African American performers.
=500  \\$aTitle supplied by Hemispheric Institute.
=500  \\$aPart of the Hemispheric Institute Digital Video Library.
=534  \\$pMedia source original:$e2 videocassettes of 2 (Mini DV) : sd., col. ; 1/4 in. SP.$mPanasonic Mini DV DVM60.
=518  \\$aPerformed at Teatro Francisco Nunes on Mar. 13, 2005, as part of the Hemispheric Institute's 5th Encuentro in Belo Horizonte, Brazil, entitled Performing Heritage: Contemporary Indigenous and Community-Based Practices.
=508  \\$aHemispheric Institute, producer ; Universidade Federal de Minas Gerais, producer ; Quetzal Guerrero, creator ; Larry Yazzie, creator ; David Pleasant, creator ; Dancing Earth, creator.
=511  0\$aMarlène Ramírez-Cancio, translator.
=511  1\$aRulan Tangen, Alejandro Meraz, Anthony Thosh Collins, Quetzal Guerrero, Larry Yazzie, David Pleasant, Joyah Pugh.
=520  \\$aMélange of music and dance by contemporary Native American and African American performers, presented at the Francisco Nunes theater in Belo Horizonte, Brazil, as a part of the 5th Encuentro of the Hemispheric Institute of Performance and Politics, titled Performing Heritage: Contemporary Indigenous and Community-Based Practices (http://hemisphericinstitute.org/eng/seminar/brazil2005/index.html). This performance brings together four contemporary American performances drawing from the artists' cultural roots: Quetzal Guerrero (Native American violinist and dancer), Larry Yazzie (Meskwaki/ Dine World Champion Fancy Dancer), David Pleasant (African-American Gullah/Geeche percussion and song, performing with dancer Joyah Pugh), and Dancing Earth (Indigenous Modern Dance collective directed by Rulan Tangen, with the participation of Quetzal Guerrero, Anthony Thosh Collins and Alejandro Meraz). Quetzal Guerrero and Thosh Collins open the evening with a traditional chant from the Salt River Pima-Maricopa indian community, followed by Quetzal's original solo violin piece. Larry Yazzie then performs his dazzling powwow Fancy Dance from Tama, Iowa, followed by the energetic and powerful percussion of African American David Pleasant, who draws on rhythms dating back to slavery in the United States. Dancing Earth performs a dance piece about the creation of the earth, and the evening ends with all performers bringing together their traditions--and the audience--on stage. There is also a post-performance discussion with the artists, in which they talk about the origins and meanings of their performances.
=540  \\$aThere are copyright restrictions on this collection. For more information, go to the online version of this video.
=650  \0$aIndian dance.
=650  \0$aModern dance.
=650  \0$aGullahs$xSocial life and customs.
=650  \0$aAfrican Americans$vMusic.
=650  \0$aPowwows.
=655  \7$aPerformance.$2nyu-hidvl
=655  \7$aNative American modern dance.$2nyu-hidvl
=655  \7$aNative American fancy dance.$2nyu-hidvl
=655  \7$aGullah/Geechee tradition.$2nyu-hidvl
=655  \7$aAfrican American music.$2nyu-hidvl
=655  \7$aIndigenous performance.$2nyu-hidvl
=700  1\$aGuerrero, Quetzal.$4cre$4prf
=700  1\$aYazzie, Larry.$4cre$4prf
=700  1\$aPleasant, David.$4cre$4prf
=710  2\$aDancing Earth.$4cre$4prf
=710  2\$aUniversidade Federal de Minas Gerais.
=710  2\$aHemispheric Institute of Performance and Politics.
=710  2\$aHemispheric Institute Digital Video Library.
=711  2\$aHemispheric Institute Encuentro$n(5th :$d2005 :$cBelo Horizonte, Brazil).$tPerforming heritage : contemporary indigenous and community-based practices.
=853  00$81$apt.
=863  50$81.1$a1$p31142046121326
=863  50$81.2$a2$p31142046121334
=856  40$uhttp://hdl.handle.net/2333.1/79cnp5q5
=954  \\$81$aVolumes

