=LDR  04452cgm a2200649 a 4500
=001  000549807
=003  NNU
=004  NYUb13541669
=005  20080410151502.0
=006  m\\\\\\\\z\\\\\\\\
=007  vd\cvaizu
=007  vf\ciahou
=007  cr\cna
=007  cr\|||||||||||
=008  071004e20050203pr\039\\\\\\\\\\\\vlspa\d
=024  7\$aHI2007_191_01$2nyu-hidvl
=024  7\$aHI2007.191_01$2nyu-hidvl
=040  \\$aNNU$cNNU$eamim
=041  0\$aspa
=043  \\$anwpr---
=245  00$aÁnimas$h[videorecording].
=260  \\$c2005 Feb. 3.
=300  \\$3master.$a1 videocassette of 1 (Digital Betacam) (39 min.) :$bsd., col. ;$c1/2 in.
=300  \\$3viewing copy.$a1 videodisc of 1 (DVD) (39 min.) :$bsd., col. ;$c4 3/4 in.
=490  1\$aDeborah Hunt / MASKHUNT collection.
=530  \\$aAlso available online as streaming video.
=546  \\$aIn Spanish.
=500  \\$aTitle supplied by Hemispheric Institute.
=500  \\$aPart of the Hemispheric Institute Digital Video Library.
=534  \\$pMedia source original:$e1 videocassette of 1 (Mini DV) : sd., col. ; 1/4 in. SP.$mPanasonic DVM60.
=518  \\$aPerformed in Santurce, Puerto Rico, on Feb. 3, 2005.
=508  \\$aDeborah Hunt, producer, director, conception, masks ; MASKHUNT, Inc., producer ; Guie Beeu Guerrero, videographer.
=511  1\$aDeborah Hunt, Mary Anne Hopgood, Francisco Iglesias, Jorge Díaz, Osvaldo Budet, Zayelit Budet.
=520  \\$aMaskmaker, puppeteer and performance artist Deborah Hunt lives in Barrio San Mateo, in Santurce, part of the greater metropolitan area of San Juan, Puerto Rico. In 2005, one half of the barrio was expropriated by the Housing Department of Puerto Rico, and although in the early days there was talk of mixed income housing, etc., the move to clear the area of its long time residents to make way for luxury apartments and to 'revitalize' the area was an example of the greed and corrupt maneuvering of government, developers and the most important banking institute on the island. As part of the resistance to this sick undertaking, residents, artists and activists stopped machines, went to court and created murals and performance events. The Museo del Barrio was the focus of the effort. Using objects from the empty houses Deborah Hunt and her performance collaborators performed 'animas' in an abandoned 'zaguán.' The masks became a symbol for the people who had left, silent witnesses who later appeared on walls and protested in other public spaces. The area remained barren and empty. The few remaining trees had withered and died. They believe the area to be cursed. Deborah Hunt is a maskmaker, puppeteer and performance artist with 35 years experience in the creation and presentation of original theater and performance works. She has worked in New Zealand, USA, England, Mexico, Central America, Puerto Rico, British Windward Islands, Argentina, Denmark, Norway, Belgrade, Venezuela, Cuba, Spain, Singapore, Australia, and has been working bilingually (English/Spanish) since 1985. Hunt also teaches puppetry and maskwork, offering intensive laboratories lasting from a weekend to nine-months long. Born in New Zealand, residing in Puerto Rico since 1990, she is a member of the Magdalena Project and the Founder and Artistic Director of MASKHUNT Inc, theater of the futile.
=540  \\$aThere are copyright restrictions on this collection. For more information, go to the online version of this video.
=650  \0$aPerforming arts$zPuerto Rico.
=650  \0$aPuppet theater$zPuerto Rico.
=650  \0$aMask makers$zPuerto Rico.
=650  \0$aExperimental theater$zPuerto Rico.
=650  \0$aEviction$zPuerto Rico$zSanturce (San Juan).
=653  \\$aForced evictions
=655  \7$aPerformance.$2nyu-hidvl
=655  \7$aTheater.$2nyu-hidvl
=655  \7$aMask performance.$2nyu-hidvl
=655  \7$aPuppet theater.$2nyu-hidvl
=655  \7$aExperimental theater.$2nyu-hidvl
=655  \7$aPolitical theater.$2nyu-hidvl
=700  1\$aHunt, Deborah.$4pro$4drt$4cst$4prf
=710  2\$aMASKHUNT, Inc.$4pro
=710  2\$aHemispheric Institute Digital Video Library.
=830  \0$aDeborah Hunt / MASKHUNT collection.
=856  40$uhttp://hdl.handle.net/2333.1/g1jwsv15

