=LDR  04188cgm a2200685 a 4500
=001  000516509
=003  NNU
=004  NYUb13505526
=005  20130509205602.0
=006  m\\\\\\\\z\\\\\\\\
=007  vd\cvaizu
=007  vf\ciahou
=007  cr\cna|||m|||a
=007  cr\|||||||||||
=008  070613s2005\\\\nyu002\\\\\\\\\\\\vleng\d
=024  7\$aHI2006_027_01$2nyu-hidvl
=024  7\$aHI2006.027_01$2nyu-hidvl
=035  \\$a(NYU)NYUb13505526
=040  \\$aNNU$cNNU$eamim
=043  \\$an-us---
=245  00$aAmnezac$h[videorecording].
=246  1\$iTitle on DVD container label:$aAmenzac [sic]
=260  \\$c2005.
=300  \\$3master.$a1 videocassette of 1 (Digital Betacam) (2 min.) :$bsd., col. ;$c1/2 in.
=300  \\$3viewing copy.$a1 videodisc of 1 (DVD) (2 min.) :$bsd., col. ;$c4 3/4 in.
=490  1\$aFulana collection
=530  \\$aAlso available online as streaming video.
=500  \\$aTitle supplied by Hemispheric Institute.
=500  \\$aPart of the Hemispheric Institute Digital Video Library.
=534  \\$pMedia source original:$e1 videocassette of 1 (Mini DV) : sd., col. ; 1/4 in. SP.$mSony DVM60.
=518  \\$aRecorded in New York City in 2005.
=508  \\$aFulana (Cristina Ibarra, Marlène Ramírez-Cancio, Lisandra Ramos-Grullón & Andrea Thome), creator, producer, director ; Cristina Ibarra, director, editor ; Milton Ruiz, sound recording & mixing ; Marlène Ramírez-Cancio, graphic design.
=511  1\$aRachelle Mendez, performer; Marlène Ramírez-Cancio, voice-over.
=520  \\$aThis satirical pharmaceutical commercial by Fulana was made in the context of the Iraq war and the Bush administration, at a time when being a 'good American,' they felt, meant falling into a kind of political and historical amnesia. The 'Amnezac' commercial, much in the style of drugs like Paxil and Zoloft, asks consumers to think about their emotional state and suggest they may need clinical treatment. 'Do you feel anxiety about world events you cannot change?,' it asks. 'Are your political concerns interfering with your patriotic activities, like shopping and paying taxes? Does the Iraq war remind you of US invasions of Latin American countries, including your own? You may be suffering from Historical Memoritis.' It urges viewers to block their long-term historical memory with Amnezac: The Most Powerful Anti-Historiamine on the Market.
=520  \\$aFulana (www.fulana.org) is a Latina video collective from New York City. Through parody and satire, Fulana explores themes that are relevant to Latino cultures in the U.S., delving into the nuances that bind our experiences, experimenting with strategies to make visible what we're so often made to read between the lines. Their work, which consists mainly of mock television commercials, music videos and print advertisements, responds to the ways products and ideas are marketed to Latinos through the mass media.
=540  \\$aThere are copyright restrictions on this collection. For more information, go to the online version of this video.
=650  \0$aMass media and culture$zUnited States.
=650  \0$aMemory$xPolitical aspects.
=650  \0$aIraq War, 2003-2011$xMass media and the war.
=650  \0$aDrug development$vFiction.
=650  \0$aHispanic Americans$xSocial conditions.
=650  \0$aTelevision commercials$vParodies, imitations, etc.
=650  \0$aPolitical satire.
=655  \7$aPerformance.$2nyu-hidvl
=655  \7$aShort film.$2nyu-hidvl
=655  \7$aVideo art.$2nyu-hidvl
=655  \7$aVideo parody.$2nyu-hidvl
=700  1\$aIbarra, Cristina.$4cre$4pro$4drt$4edt
=700  1\$aRamírez-Cancio, Marlène.$4cre$4pro$4drt$4prf
=700  1\$aRamos-Grullón, Lisandra.$4cre$4pro$4drt
=700  1\$aThome, Andrea.$4cre$4pro$4drt
=700  1\$aMendez, Rachelle.$4prf
=710  2\$aFulana.$4cre$4pro$4drt
=710  2\$aHemispheric Institute Digital Video Library.
=830  \0$aFulana collection.
=856  40$uhttp://hdl.handle.net/2333.1/q573n63f

