=LDR  03273cgm a2200541 a 4500
=001  003745629
=004  003745629
=005  20140421210956.0
=006  m\\\\\\\\z\\\\\\\\
=007  vd\cvaizu
=007  cr\cna|||m|||a
=007  cr\|||||||||||
=007  vd\cvaizu
=008  130501s2005\\\\bl\062\\\\\\\\\\\\vlpor\d
=024  7\$aHI2011_024_01$2nyu-hidvl
=024  7\$aHI2011.024_01$2nyu-hidvl
=040  \\$aNNU$beng$cNNU
=041  0\$apor
=043  \\$as-bl---
=079  \\$a(OCoLC)845246574
=245  00$aDesabrigo$h[videorecording] =$bNeglect /$cZeca Ligiéro, director ; Antônio Fraga, writer ; Zeca Ligiéro, Dandara, adapters.
=246  31$aNeglect
=260  \\$c2005.
=300  \\$a1 videodisc of 1 (DVD) (62 min.) :$bsd., col. ;$c4 3/4 in.$3viewing copy.
=490  1\$aNEPAA-Núcleo de Estudos das Performances Afro-Ameríndias/Zeca Ligiéro collection
=546  \\$aIn Portuguese.
=500  \\$aTitle supplied by Hemispheric Institute.
=500  \\$aPart of the Hemispheric Institute Digital Video Library.
=518  \\$aPerformed in Belo Horizonte, Brazil, in 2005.
=508  \\$aCaíque Bottckay, music supervisor ; José Dias, stage design supervisor ; Aurélio Di Simoni, lighting designer ; Jane Celeste, voice trainer ; Denise Zenícola, choreographer.
=511  1\$aMarcos Serra, Wilson Rebelo, Josiê Marques, Paulo Pontvianne, Ramón Gonçalves, Viviane Narvaez, performers ; Nelson Sargento, original song.
=520  \\$aThe theatrical production of Desabrigo stems from the principle that the novel by Antônio Fraga is an insight on the fast transformation the former Capital of the Nation went through. It focuses particularly on the samba environment from the perspectives of two 'malandros' - Desabrigo and Cobrinha - and on the characters that surround their fight for the street territory and for the love of the prostitute Durvalina.
=520  \\$aZeca Ligiéro is currently Associate Professor at the Federal University of Rio de Janeiro State and the curator of Augusto Boal Archive. He coordinates since 1998 the Center for the Study of Afro-Amerindian Performances-NEPAA, which is dedicated to promoting research, dissemination, and exchange with various cultures of African, Indigenous, and other non-hegemonic origin, and to studying their inter-relations within Brazil.
=530  \\$aAlso available online as streaming video.
=534  \\$pMedia source original:$e1 videocassette of 1 (Mini DV) : sd., col. ; 1/4 in. SP.$mPanasonic DVM60
=540  \\$aThere are copyright restrictions on this collection. For more information, go to the online version of this video.
=600  10$aFraga, Antônio.$tDesabrigo$xStage adaptations.
=650  \0$aTheater and society$zBrazil.
=651  \0$aRio de Janeiro (Brazil)
=655  \7$aPerformance.$2nyu-hidvl
=655  \7$aTheater.$2nyu-hidvl
=700  1\$aLigiéro, Zeca,$d1950-$4drt$4adp
=710  2\$aNúcleo de Estudos das Performances Afro-Ameríndias.$4pro
=710  2\$aHemispheric Institute Digital Video Library.
=830  \0$aNEPAA-Núcleo de Estudos das Performances Afro-Ameríndias/Zeca Ligiéro collection.
=856  40$uhttp://hdl.handle.net/2333.1/g4f4qt46

