=LDR  04116cgm a2200697 a 4500
=001  000516175
=003  NNU
=004  NYUb13505178
=005  20090409170217.0
=006  m\\\\\\\\z\\\\\\\\
=007  vd\cvaizu
=007  vf\ciahou
=007  cr\cna
=007  cr\|||||||||||
=007  \\vd
=008  070613e20050314bl\063\\\\\\\\\\\\vleng\d
=024  7\$aHI2006_040_01$2nyu-hidvl
=024  7\$aHI2006_041_01$2nyu-hidvl
=024  7\$aHI2006.040_01$2nyu-hidvl
=035  \\$a(NYU)NYUb13505178
=040  \\$aNNU$cNNU$eamim
=245  00$aInterview with Pamyua$h[videorecording].
=246  30$aPamyua
=260  \\$c2005 Mar. 14.
=300  \\$3master.$a2 videocassettes of 2 (Digital Betacam) (63 min.) :$bsd., col. ;$c1/2 in.
=300  \\$3viewing copy.$a2 videodiscs of 2 (DVD) (63 min. : pt.1, 31 min. ; pt.2, 32 min.) :$bsd., col. ;$c4 3/4 in.
=530  \\$aAlso available online as streaming video.
=500  \\$aTitle supplied by Hemispheric Institute.
=500  \\$aPart of the Hemispheric Institute Digital Video Library.
=534  \\$pMedia source original:$e2 videocassettes of 2 (Mini DV) : sd., col. ; 1/4 in. SP.$mPanasonic DVM60.
=518  \\$aInterviewed on Mar. 14, 2005, as part of the Hemispheric Institute's 5th Encuentro in Belo Horizonte, Brazil.
=508  \\$aHemispheric Institute of Performance and Politics, producer ; Universidade Federal de Minas Gerais (UFMG), producer ; Sarah Townsend, videographer.
=511  0\$aPhillip Blanchett, interviewee ; Stephen Blanchett, interviewee ; Karina Moeller, interviewee ; Phillip "Ossie" Kairaiuak, interviewee ; Andrew McLean, interviewer.
=520  \\$aPamyua is a musical ensemble from Alaska and Greenland that reinterprets modern traditions of the Inuit and Yup'ik people through storytelling, music and dance. Performing Yup'ik danced stories and harmonizing ancient and original music, their sound redefines the boundaries of Inuit expression. In this interview, conducted by Andrew McLean at the Hemispheric Institute 5th Encuentro (Belo Horizonte, 2005), Pamyua's four founding members (Stephen Blanchett, Phillip Blanchett, Ossie Kairaiuak and Karina Moeller) talk about their backgrounds, the origins of the band, and the ways their music blends traditional Yup'ik songs with African-American musical influences such as gospel, R&B, jazz and funk to create a unique new Native style. They speak of their experience as urban natives and their relationship to their roots, a relationship that for them has entailed a delicate process of cultural negotiation between different traditions and generations. Among other things, they discuss how they are viewed by the Yup'ik elders, what problems are facing their communities and how they are called upon as new culture bearers to revitalize Yup'ik identity among the youth.
=540  \\$aThere are copyright restrictions on this collection. For more information, go to the online version of this video.
=610  20$aPamyua (Musical group)$vInterviews.
=650  \0$aInuit.
=650  \0$aYupik Eskimos.
=650  \0$aYupik dance.
=653  \\$aYup'ik
=655  \7$aInterview.$2nyu-hidvl
=700  1\$aMcLean, Andrew.$4ivr
=700  1\$aBlanchett, Phillip.$4ive
=700  1\$aBlanchett, Stephen.$4ive
=700  1\$aMoeller, Karina.$4ive
=700  1\$aKairaiuak, Ossie.$4ive
=700  1\$aTownsend, Sarah.$4vdg
=710  2\$aPamyua (Musical group)$4ive
=710  2\$aHemispheric Institute of Performance and Politics.$4pro
=710  2\$aUniversidade Federal de Minas Gerais.$4pro
=710  2\$aHemispheric Institute Digital Video Library.
=711  2\$aHemispheric Institute Encuentro$n(5th :$d2005 :$cBelo Horizonte, Brazil).$tPerforming heritage : contemporary indigenous and community-based practices.
=856  40$uhttp://hdl.handle.net/2333.1/83bk3jjj
=853  00$81$apt.
=863  50$81.1$a1$p31142045847541
=863  50$81.2$a2$p31142042579782
=954  \\$81$aVolumes

