=LDR  04512cgm a2200601 a 4500
=001  000540578
=003  NNU
=004  NYUb13531750
=005  20090409170725.0
=006  m\\\\\\\\z\\\\\\\\
=007  vd\cvaizu
=007  vf\ciahou
=007  cr\cna
=007  cr\|||||||||||
=008  070904e20050319bl\018\\\\\\\\\\\\vlpor\d
=024  7\$aHI2007_105_01$2nyu-hidvl
=024  7\$aHI2007.105_01$2nyu-hidvl
=035  \\$a(NYU)NYUb13531750
=040  \\$aNNU$cNNU$eamim
=041  0\$apor
=043  \\$as-bl---
=245  00$aInterview with Marcos Malafaia (Giramundo Teatro de Bonecos)$h[videorecording]
=246  30$aInterview with Marcos Malafaia
=246  30$aMarcos Malafaia
=260  \\$c2005 Mar. 19.
=300  \\$3master.$a1 videocassette of 1 (Digital Betacam) (18 min.) :$bsd., col. ;$c1/2 in.
=300  \\$3viewing copy.$a1 videodisc of 1 (DVD) (18 min.) :$bsd., col. ;$c4 3/4 in.
=530  \\$aAlso available online as streaming video.
=546  \\$aIn Portuguese.
=500  \\$aTitle supplied by Hemispheric Institute.
=500  \\$aPart of the Hemispheric Institute Digital Video Library.
=534  \\$pMedia source original:$e1 videocassette of 1 (Mini DV) : sd., col. ; 1/4 in. SP.$mPanasonic DVM60 ME.
=518  \\$aInterviewed in Belo Horizonte, Brazil, on Mar. 19, 2005.
=508  \\$aHemispheric Institute of Performance and Politics, producer ; Universidade Federal de Minas Gerais (UFMG), producer.
=511  1\$aMarcos Malafaia, interviewee ; Marcos Alexandre, interviewer.
=520  \\$aInterview with Marcos Malafaia, one of the directors of Brazilian puppet theater company Giramundo, conducted by Marcos Alexandre in the context of the Hemispheric Institute of Performance and Politics 5th Encuentro, Performing Heritage, celebrated in Belo Horizonte, Brazil in March of 2005. In this interview Malafaia discusses the origins and history of the group, their construction and manipulation techniques, and the influences and genres at play in Giramundos ongoing research, creation, performance and pedagogy. The artist also discusses the points of contact between arts and politics in the process of performing Brazilian heritage, paying special attention to four renowned plays by Giramundo: Tiradentes, O Guarani, Os Orixás, and Cobra Norato. Finally, Malafai comments on Giramundos latest spectacle, Pinocchio, an adaptation of Carlo Collodis text to puppet theater. Created in 1970 by Brazilian artists Álvaro Apocalypse, Terezinha Veloso and Maria do Carmo Vivacqua Martins (Madu), Giramundo Teatro de Bonecos (www.giramundo.org) has gained worldwide recognition as one of the most important puppet theater groups in the world. Their remarkable trajectory includes professional works for theater, film, video, and television, as well as a strong pedagogical component, teaching workshops and puppetry courses both abroad and in their own school in Belo Horizonte, Brazil. The 950 marionettes that they have already staged or that are still on stage are part of the Museu Giramundo collection, which has the largest private collection of the kind in Brazil. The methodological rigor in creating their performances, the refined construction and manipulation of their performing objects, and their interest in exploring topics in Brazilian culture have provided Giramundo with tools for transcending traditional childrens theater in order to incorporate adult themes and cultural forms in direct dialogue with complex political and aesthetic issues.
=540  \\$aThere are copyright restrictions on this collection. For more information, go to the online version of this video.
=600  10$aMalafaia, Marcos$vInterviews.
=610  20$aGiramundo Teatro de Bonecos.
=650  \0$aPuppet theater$zBrazil.
=650  \0$aPerforming arts$zBrazil.
=655  \7$aInterview.$2nyu-hidvl
=700  1\$aMalafaia, Marcos.$4ive
=700  1\$aAlexandre, Marcos Antônio.$4ivr
=710  2\$aHemispheric Institute of Performance and Politics.$4pro
=710  2\$aUniversidade Federal de Minas Gerais.$4pro
=710  2\$aHemispheric Institute Digital Video Library.
=711  2\$aHemispheric Institute Encuentro$n(5th :$d2005 :$cBelo Horizonte, Brazil).$tPerforming heritage : contemporary indigenous and community-based practices.
=856  40$uhttp://hdl.handle.net/2333.1/m37pvmnx

