=LDR  03893cgm a22006015a 4500
=001  000506915
=003  NNU
=004  NYUb13494916
=005  20080219133823.0
=006  m\\\\\\\\z\\\\\\\\
=007  vd\cvaizu
=007  vf\ciahou
=007  cr\cna
=007  cr\|||||||||||
=008  070508e20051005nyu016\\\\\\\\\\\\vleng\d
=024  7\$aHI2006_070_01$2nyu-hidvl
=024  7\$aHI2006.070_01$2nyu-hidvl
=040  \\$aNNU$cNNU$eamim
=245  00$aInterview with Alan Michelson$h[videorecording].
=246  3\$aInterview with Alan Michelson (Mohawk)
=246  30$aAlan Michelson
=260  \\$c2005 Oct. 5.
=300  \\$3master.$a1 videocassette of 1 (Digital Betacam) (16 min.) :$bsd., col. ;$c1/2 in.
=300  \\$3viewing copy.$a1 videodisc of 1 (DVD) (16 min.) :$bsd., col. ;$c4 3/4 in.
=490  1\$aHemispheric Institute featured interviews
=530  \\$aAlso available online as streaming video.
=500  \\$aTitle supplied by Hemispheric Institute.
=500  \\$aPart of the Hemispheric Institute Digital Video Library.
=534  \\$pMedia source original:$e1 videocassette of 1 (Mini DV) : sd., col. ; 1/4 in. SP.$mPanasonic DVM60.
=518  \\$aInterviewed in New York City on Oct. 5, 2005.
=508  \\$aHemispheric Institute of Performance and Politics, producer ; Nanobah Becker (Navajo), videographer.
=511  0\$aAlan Michelson (Mohawk), interviewee ; Raquel Chapa (Lipan Apache/Cherokee/Yaqui), interviewer.
=520  \\$aShortly after the opening of his show, 'Revealing the Absent Indian,' part of the 'New Tribes New York' series at the National Museum of the American Indian, Alan Michelson talks about the exhibit, which is a retrospective of his work. Much of his art has been informed by the fact that his was adopted out (Native people were adopted out in alarming rates in the 1940's through the 1970's) and only met his Mohawk family later in life. Michelson frames this issue within the larger subject of Native displacement. Another theme of his work is the landscape, which the artist uses to challenge the notions of supremacy and superiority. One of the pieces Alan concentrates on, 'Two Row II,' is a video installation which references the Two Row Wampum Belt that symbolizes the agreement under which the Iroquois/Haudenosaunee (the Six nations confederacy which Mohawk are a part of) welcomed the white peoples to their lands: 'We will NOT be like father and son, but like brothers. These TWO ROWS will symbolize vessels, traveling down the same river together. One will be for the Original People, their laws, their customs, and the other for the European people and their laws and customs. We will each travel the river together, but each in our own boat. And neither of us will try to steer the other's vessel.' The Haudenosaunee has kept the agreement to this date. Alan's artwork is also in the film and his show can be seen at http://www.nmai.si.edu/exhibitions/newtribe/.
=540  \\$aThere are copyright restrictions on this collection. For more information, go to the online version of this video.
=600  10$aMichelson, Alan$vInterviews.
=650  \0$aIndian artists.
=650  \0$aMohawk Indians.
=653  \\$aNative American artists
=653  \\$aTwo Row Wampum Treaty
=653  \\$aIndigenous performance
=655  \7$aInterview.$2nyu-hidvl
=700  1\$aMichelson, Alan.$4ive
=700  1\$aChapa, Raquel.$4ivr
=700  1\$aBecker, Nanobah.$4vdg
=710  2\$aHemispheric Institute of Performance and Politics.$4pro
=710  2\$aHemispheric Institute Digital Video Library.
=830  \0$aHemispheric Institute featured interviews.
=856  40$uhttp://hdl.handle.net/2333.1/bnzs7hbf

