=LDR  05213cgm a22006855a 4500
=001  000509554
=003  NNU
=004  NYUb13497779
=005  20080229181344.0
=006  m\\\\\\\\z\\\\\\\\
=007  vd\cvaizu
=007  vf\ciahou
=007  cr\cna
=007  cr\|||||||||||
=008  070517e200509uunyu058\\\\\\\\\\\\vleng\d
=024  7\$aHI2006_108_01$2nyu-hidvl
=024  7\$aHI2006.108_01$2nyu-hidvl
=040  \\$aNNU$cNNU$eamim
=043  \\$an-us-ny
=245  00$aPrincess$h[videorecording] :$bthe tail of a lost city.
=246  30$aTail of a lost city
=260  \\$c2005 Sept.
=300  \\$3master.$a1 videocassette of 1 (Digital Betacam) (58 min.) :$bsd., col. ;$c1/2 in.
=300  \\$3viewing copy.$a1 videodisc of 1 (DVD) (58 min.) :$bsd., col. ;$c4 3/4 in.
=490  1\$aCircus Amok collection
=530  \\$aAlso available online as streaming video.
=500  \\$aTitle supplied by Hemispheric Institute.
=500  \\$aPart of the Hemispheric Institute Digital Video Library.
=534  \\$pMedia source original:$e1 videocassette of 1 (Mini DV) : sd., col. ; 1/4 in. SP.$mPanasonic DVM63.
=518  \\$aPerformed on Coney Island, New York City, in Sept. 2005.
=508  \\$aCircus Amok, producer ; Jennifer Miller, director ; Jenny Romaine, musical director, additional writing, additional design ; Sandra Burns, art director ; Clare Dolan, Scotty Heron, Mornography, additional design ; Jessica Jones, Jules A, Susan Watts, musical transcription ; The Twins, Michelle Matlock, Alessandra Nichols, Brian Garber, Jonathan Berger, Cindy Greenberg, Karrin Cheiffitz, Kate Hibbard, Gaby, Ashley Brockington, Tracy Otwell, Jonney Ahmanson, sets, props, and costumes.
=511  1\$aJennifer Miller, Becca Blackwell, Ashley Brockington, Cindy Greenberg, Michelle Matlock, Osmany Telez, Carlton Ward, Jenny Romaine (musician), Mary Feaster (musician), Lee Bams Frisari (musician), Jessica Lurie (musician), Ben Meyers (musician), Alan Watsky (musician), Susan Watts (musician) ; Cypress, Kate Hibbard, Meg the Magnificent, roustabouts.
=520  \\$aHandheld footage of Coney Island's 2005 Circus Amok's show 'Princess: The Tail of a Lost City', a queer political performance on city planning and housing policy. The exploits of Bluetessa and Squeemish take us on a quest for affordable housing in NYC, in a legal/magical battle between President Bush's 2005 executive order on Eminent Domain and the civil society's proposal of the Tenant Empowerment Act. Issues of civic representation in governmental processes spark interactive audience participation, proposing 'candidates' for the Supreme Court and calling the Mayor's Office of Operations demanding mandatory inclusionary zoning. Trolls, felines, evil developers, jugglers and acrobats all come together to educate, activate and entertain, in a joyful extravaganza of acrobatic artistry, satiric skill, and good old-fashioned circus fun. Circus Amok (www.circusamok.org) is a New York City based circus-theater company whose mission is to provide free public art addressing contemporary issues of social justice to the people of New York City. Directed and founded by Jennifer Miller, the group has been together since 1989 bringing its funny, queer, caustic and sexy, political one-ring spectacles to diverse neighborhoods throughout the city. Over the years the traditional circus skills - tight rope walking, juggling, acrobatics, stilt walking, clowning - have been combined with experimental dance, lifesize puppetry, music old and new, and gender-bending performance art and improvisational techniques, creating new meanings for circus while continuing to entertain the crowds of all ages throughout the city streets, gardens, parks, and playgrounds, inviting the audience to join them in envisioning a more empowered life of community interaction while enjoying a queer celebratory spectacle.
=540  \\$aThere are copyright restrictions on this collection. For more information, go to the online version of this video.
=650  \0$aCircus$zNew York (State)$zNew York.
=650  \0$aStreet theater$zNew York (State)$zNew York.
=650  \0$aGay theater$zNew York (State)$zNew York.
=650  \0$aSocial justice$zNew York (State)$zNew York.
=650  \0$aCity planning$zNew York (State)$zNew York.
=650  \0$aHousing policy$zNew York (State)$zNew York.
=653  \\$aPolitical performance
=653  \\$aQueer performance
=655  \7$aPerformance.$2nyu-hidvl
=655  \7$aCircus.$2nyu-hidvl
=655  \7$aStreet theater.$2nyu-hidvl
=655  \7$aPolitical performance.$2nyu-hidvl
=655  \7$aQueer performance.$2nyu-hidvl
=655  \7$aTheater.$2nyu-hidvl
=700  1\$aMiller, Jennifer,$d1961-$4drt$4prf
=700  1\$aRomaine, Jenny.$4mus$4drt$4aut
=700  1\$aBurns, Sandra.$4drt$4art
=710  2\$aCircus Amok.$4pro
=710  2\$aHemispheric Institute Digital Video Library.
=830  \0$aCircus Amok collection.
=856  40$uhttp://hdl.handle.net/2333.1/bg79cnxm

