=LDR  04145cgm a22006015a 4500
=001  000505630
=003  NNU
=004  NYUb13493463
=005  20090409170731.0
=006  m\\\\\\\\z\\\\\\\\
=007  vd\cvaizu
=007  vf\ciahou
=007  cr\cna
=007  cr\|||||||||||
=008  070502e20050318bl\023\\\\\\\\\\\\vlspa\d
=024  7\$aHI2006_051_01$2nyu-hidvl
=024  7\$aHI2006.051_01$2nyu-hidvl
=040  \\$aNNU$cNNU$eamim
=043  \\$as-ck---
=245  00$aInterview with Antanas Mockus$h[videorecording].
=246  30$aAntanas Mockus
=260  \\$c2005 Mar. 18.
=300  \\$3master.$a1 videocassette of 1 (Digital Betacam) (23 min.) :$bsd., col. ;$c1/2 in.
=300  \\$3viewing copy.$a1 videodisc of 1 (DVD) (23 min.) :$bsd., col. ;$c4 3/4 in.
=546  \\$aIn Spanish.
=530  \\$aAlso available online as streaming video.
=500  \\$aTitle supplied by Hemispheric Institute.
=500  \\$aPart of the Hemispheric Institute Digital Video Library.
=534  \\$pMedia source original:$e1 videocassette of 1 (Mini DV) : sd., col. ; 1/4 in. SP.$mPanasonic DVM60.
=518  \\$aInterviewed on March 18, 2005 as part of the Hemispheric Institute's 5th Encuentro in Belo Horizonte, Brazil.
=508  \\$aHemispheric Institute of Performance and Politics, producer ; Universidade Federal de Minas Gerais (UFMG), producer.
=511  0\$aAntanas Mockus, interviewee ; Doris Sommer, interviewer.
=520  \\$aA Colombian mathematician, philosopher and politician, Antanas Mockus left his post as vice-chancellor of Colombian National University in Bogotá in 1993, and proceeded to preside over Bogotá as mayor for two eventful terms. His surprising and often humorous initiatives tended to involve grand gestures, often including local artists or personal appearances by the mayor himself - taking a shower in a commercial about conserving water, or walking the streets dressed in spandex and a cape as Supercitizen. Mockus hired 20 mimes to control traffic and poke fun at traffic violators - a program so successful that another 400 mimes were quickly trained. He also initiated a 'Night for Women,' on which the city's men were asked to stay home for an evening to look after the house and the children. The city sponsored free open-air concerts, bars offered women-only specials, and the city's women police were in charge of keeping the peace. Under his leadership, Bogotá saw remarkable improvement across the board - water usage dropped 40%, the homicide rate fell 70%, and traffic fatalities dropped by over 50%, to mention only a few. In this interview, conducted by Doris Sommer at the Hemispheric Institute's 5th Encuentro (Belo Horizonte, Brazil, 2005), Mockus plays a game with his interviewer: in a symbolic performance of 'social bonds,' they are linked to each other with string and must figure out how to disentangle themselves through movement (no cutting or untying), as they discuss civic culture and the ways conflict can be resolved through the plurality of art.
=540  \\$aThere are copyright restrictions on this collection. For more information, go to the online version of this video.
=600  10$aMockus, Antanas$vInterviews.
=650  \0$aArt$xPolitical aspects$zColombia$zBogotá.
=650  \0$aCivics, Colombian.
=651  \0$aBogotá (Colombia)$xPolitics and government.
=653  \\$aCivic culture
=653  \\$aCultura ciudadana
=655  \7$aInterview.$2nyu-hidvl
=700  1\$aMockus, Antanas.$4ive
=700  1\$aSommer, Doris.$4ivr
=710  2\$aHemispheric Institute of Performance and Politics.$4pro
=710  2\$aUniversidade Federal de Minas Gerais.$4pro
=710  2\$aHemispheric Institute Digital Video Library.
=711  2\$aHemispheric Institute Encuentro$n(5th :$d2005 :$cBelo Horizonte, Brazil).$tPerforming heritage : contemporary indigenous and community-based practices.
=856  40$uhttp://hdl.handle.net/2333.1/j9kd51m0

