=LDR  04604cgm a2200721 a 4500
=001  000516050
=003  NNU
=004  NYUb13505017
=005  20090409170736.0
=006  m\\\\\\\\z\\\\\\\\
=007  vd\cvaizu
=007  vf\ciahou
=007  cr\cna
=007  cr\|||||||||||
=007  \\vd
=008  070613e20050316bl\096\\\\\\\\\\\\vlspa\d
=024  7\$aHI2006_046_01$2nyu-hidvl
=024  7\$aHI2006_047_01$2nyu-hidvl
=024  7\$aHI2006.046_01$2nyu-hidvl
=035  \\$a(NYU)NYUb13505017
=040  \\$aNNU$cNNU$eamim
=041  0\$aspa
=043  \\$as-ck---
=245  00$aAntanas Mockus keynote address$h[videorecording] :$bCultural agents.
=246  3\$aAntanas Mockus :$bCultural agents (keynote address)
=246  30$aCultural agents
=246  1\$iTitle on container label:$aKeynote 4 :$bCultural agents (Antanas Mockus)
=260  \\$c2005 Mar. 16.
=300  \\$3master.$a2 videocassettes of 2 (Digital Betacam) (96 min.) :$bsd., col. ;$c1/2 in.
=300  \\$3viewing copy.$a2 videodiscs of 2 (DVD) (96 min. : pt.1, 62 min. ; pt.2, 34 min.) :$bsd., col. ;$c4 3/4 in.
=530  \\$aAlso available online as streaming video.
=546  \\$aIn Spanish.
=500  \\$aTitle supplied by Hemispheric Institute.
=500  \\$aPart of the Hemispheric Institute Digital Video Library.
=534  \\$pMedia source original:$e2 videocassettes of 2 (Mini DV) : sd., col. ; 1/4 in. SP.$mPanasonic DVM60.
=518  \\$aAddress delivered on Mar. 16, 2005, as part of the Hemispheric Institute's 5th Encuentro in Belo Horizonte, Brazil.
=508  \\$aHemispheric Institute of Performance and Politics, producer ; Universidade Federal de Minas Gerais (UFMG), producer ; Antanas Mockus, creator ; Doris Sommer, introducer.
=511  0\$aAntanas Mockus, keynote speaker.
=520  \\$aA Colombian mathematician, philosopher and politician, Antanas Mockus left his post as vice-chancellor of Colombian National University in Bogotá in 1993, and proceeded to preside over Bogotá as mayor for two eventful terms. His surprising and often humorous initiatives tended to involve grand gestures, often including local artists or personal appearances by the mayor himself, taking a shower in a commercial about conserving water, or walking the streets dressed in spandex and a cape as Supercitizen. Mockus hired 20 mimes to control traffic and poke fun at traffic violators - a program so successful that another 400 mimes were quickly trained. He also initiated a 'Night for Women,' on which the city's men were asked to stay home for an evening to look after the house and the children. The city sponsored free open-air concerts, bars offered women-only specials, and the city's women police were in charge of keeping the peace. Under his leadership, Bogotá saw remarkable improvement across the board - water usage dropped 40%, the homicide rate fell 70%, and traffic fatalities dropped by over 50%, to mention only a few. In this engaging keynote lecture at the Hemispheric Institute's 5th Encuentro (Belo Horizonte, Brazil, 2005), Mockus surveys the audience and lays out his definition of civic culture: the belief that people understand and comply with social norms 'por las buenas' (obeying their conscience, seeking social recognition, respecting the law) instead of 'por las malas' (fearing punishment, ostracism or guilt).
=540  \\$aThere are copyright restrictions on this collection. For more information, go to the online version of this video.
=650  \0$aCivic improvement$zColombia$zBogotá.
=650  \0$aCivic leaders$zColombia$zBogotá.
=650  \0$aMayors$zColombia$zBogotá.
=651  \0$aColombia$xPolitics and government.
=653  \\$aCivic culture
=653  \\$aCultura ciudadana
=653  \\$aColombian politics - Bogotá
=655  \7$aKeynote address.$2nyu-hidvl
=700  1\$aMockus, Antanas.$4cre$4spk
=700  1\$aSommer, Doris.$4aui
=710  2\$aHemispheric Institute of Performance and Politics.$4pro
=710  2\$aUniversidade Federal de Minas Gerais.$4pro
=710  2\$aHemispheric Institute Digital Video Library.
=711  2\$aHemispheric Institute Encuentro$n(5th :$d2005 :$cBelo Horizonte, Brazil).$tPerforming heritage : contemporary indigenous and community-based practices.
=856  40$uhttp://hdl.handle.net/2333.1/wstqjqdv
=853  00$81$apt.
=863  50$81.1$a1$p31142045847582
=863  50$81.2$a2$p31142045847574
=954  \\$81$aVolumes

