=LDR  04509cgm a2200745 a 4500
=001  000556674
=003  NNU
=004  NYUb13549107
=005  20100809100021.0
=006  m\\\\\\\\z\\\\\\\\
=007  vd\cvaizu
=007  vf\ciahou
=007  cr\cna
=007  \\vd
=007  cr\|||||||||||
=008  071101e20050316bl\112\\\\\\\\\\\\vlpor\d
=024  7\$aHI2005_080_01$2nyu-hidvl
=024  7\$aHI2005_081_01$2nyu-hidvl
=024  7\$aHI2005.080_01$2nyu-hidvl
=040  \\$aNNU$cNNU$eamim
=041  0\$apor
=043  \\$as-bl---
=245  00$aGrupo Galpão :$bum Molière imaginário$h[videorecording]
=246  31$aGrupo Galpão :$ban imaginary Molière
=246  30$aMolière imaginário
=246  30$aImaginary Molière
=246  1\$iTitle on DVD case and title screen:$aGrupo Galpão
=260  \\$c2005 Mar. 16.
=300  \\$3master.$a2 videocassettes of 2 (Digital Betacam) (112 min.) :$bsd., col. ;$c1/2 in.
=300  \\$3viewing copy.$a2 videodiscs of 2 (DVD) (112 min. : pt.1, 63 min. ; pt.2, 49 min.) :$bsd., col. ;$c4 3/4 in.
=530  \\$aAlso available online as streaming video.
=546  \\$aIn Portuguese.
=500  \\$aTitle supplied by Hemispheric Institute.
=500  \\$aPart of the Hemispheric Institute Digital Video Library.
=534  \\$pMedia source original:$e1 videocassette of 1 (Mini DV) : sd., col. ; 1/4 in. SP.$mPanasonic Mini DV DVM60.
=518  \\$aPerformed at Palácio das Artes on Mar. 16, 2005, as part of the Hemispheric Institute's 5th Encuentro in Belo Horizonte, Brazil, entitled Performing Heritage: Contemporary Indigenous and Community-Based Practices.
=508  \\$aHemispheric Institute, producer ; Universidade Federal de Minas Gerais, producer ; Grupo Galpão, creator ; Eduardo Moreira, director ; Cacá Brandão, writer.
=511  1\$aAntonio Edson, Arildo de Barros, Beto Franco, Eduardo Moreira, Fernanda Vianna, Simone Ordones, Inês Peixoto, Júlio Maciel, Margareth Serra, Paulo André, Rodolfo Vaz.
=520  \\$aGrupo Galpão was founded in 1982 in the state of Minas Gerais, Brazil (north-west of Rio de Janeiro), and has come to be internationally renowned during its successful twenty-five year trajectory. 'An Imaginary Molière' is a musical based on Molière's 'The Imaginary Invalid,' and is performed using a mixture of styles that combine Brazilian popular culture with commedia dell'arte, circus performance and street theater. The play revolves around its main character, Argan, a greedy hypochondriac who is Molière's last great creation. Argan wants to marry his only daughter off to a weak and non-descript young man, just so he can have a doctor in his family. Against this background, the play investigates the nature and function of theater, while also paying hommage to one of the most important comedic playwrights of all time. This performance was presented at the Pálacio das Artes in Belo Horizonte, Brazil, as a part of the 5th Encuentro of the Hemispheric Institute of Performance and Politics, titled Performing Heritage: Contemporary Indigenous and Community-Based Practices (http://hemisphericinstitute.org/eng/seminar/brazil2005/index.html).
=540  \\$aThere are copyright restrictions on this collection. For more information, go to the online version of this video.
=600  10$aMolière,$d1622-1673.$tMalade imaginaire.$lPortuguese$vDrama.
=650  \0$aTheater$zBrazil.
=650  \0$aPerforming arts$zBrazil.
=653  \\$aPerforming heritage
=655  \7$aPerformance.$2nyu-hidvl
=655  \7$aTheater.$2nyu-hidvl
=655  \7$aBrazilian theater.$2nyu-hidvl
=700  1\$aMoreira, Eduardo da Luz.$4drt
=700  1\$aBrandão, Carlos Antônio L.$q(Carlos Antônio Leite)$4aut
=710  2\$aGrupo Galpão.
=710  2\$aUniversidade Federal de Minas Gerais.
=710  2\$aHemispheric Institute of Performance and Politics.
=710  2\$aHemispheric Institute Digital Video Library.
=711  2\$aHemispheric Institute Encuentro$n(5th :$d2005 :$cBelo Horizonte, Brazil).$tPerforming heritage : contemporary indigenous and community-based practices.
=740  0\$aMalade imaginaire.
=853  00$81$apt.
=863  50$81.1$a1$p31142046117068
=863  50$81.2$a2$p31142046117043
=856  40$uhttp://hdl.handle.net/2333.1/0rxwdbzs
=954  \\$81$aVolumes

