=LDR  04062cgm a22006135a 4500
=001  000513646
=003  NNU
=004  NYUb13502323
=005  20090409170748.0
=006  m\\\\\\\\z\\\\\\\\
=007  vd\cvaizu
=007  vf\ciahou
=007  cr\cna
=007  cr\|||||||||||
=008  070605e20050315bl\052\\\\\\\\\\\\vlpor\d
=024  7\$aHI2007_012_01$2nyu-hidvl
=024  7\$aHI2007.012_01$2nyu-hidvl
=035  \\$a(NYU)NYUb13502323
=040  \\$aNNU$cNNU$eamim
=043  \\$as-bl---
=245  00$aSalvaguarda do patrimônio cultural$h[videorecording] :$bbases para constituição de direitos
=246  31$aSafeguarding cultural heritage
=246  1\$iTitle on container:$aSalvaguarda do patrimônio
=260  \\$c2005 Mar. 15.
=300  \\$3master.$a1 videocassette of 1 (Digital Betacam) (52 min.) :$bsd., col. ;$c1/2 in.
=300  \\$3viewing copy.$a1 videodisc of 1 (DVD) (52 min.) :$bsd., col. ;$c4 3/4 in.
=530  \\$aAlso available online as streaming video.
=546  \\$aIn Portuguese.
=500  \\$aTitle supplied by Hemispheric Institute.
=500  \\$aPart of the Hemispheric Institute Digital Video Library.
=534  \\$pMedia source original:$e1 videocassette of 1 (Mini DV) : sd., col. ; 1/4 in. SP.$mPanasonic DVM60.
=518  \\$aAddress delivered on Mar. 15, 2005, as part of the Hemispheric Institute's 5th Encuentro in Belo Horizonte, Brazil.
=508  \\$aHemispheric Institute of Performance and Politics, producer ; Universidade Federal de Minas Gerais (UFMG), producer.
=511  1\$aAna Gita de Oliveira, keynote speaker.
=520  \\$aAna Gita de Oliveira holds a doctorate in Anthropology from the Universidade de Brasília. Coordinator of Brazil's Programa Nacional do Patrimônio Imaterial (National Program for Intangible Cultural Heritage) of the Secretaria de Patrimônio, Museus e Artes Plásticas of the Brazilian Ministery of Culture, Ana specializes in research related to themes of intangible heritage, national borders, and indigenous etiology. Academic works include her dissertation O mundo transformado: Um estudo da Cultura de fronteira no Alto Rio Negro. In this keynote address, titled Safeguarding Cultural Heritage, delivered as a part of the Hemispheric Institute's 5th Encuentro (Belo Horizonte, Brazil, 2005 http://hemi.nyu.edu/eng/seminar/brazil2005), Gita discusses Brazil's current political and cultural climate related to the identification, inventory, documentation and registry of intangible cultural heritage. Focusing on the constitutional legislation Decreto 3551/2000 and the development of the Inventário Nacional de Referências Culturais (National Inventory of Cultural References), the anthropologist discusses the dialectic methodologies at play in the study of the local, regional and national contexts of Brazilian knowledges, practices and technologies, as well as the development of integrated policies related to the preservation of intangible cultural heritage.
=540  \\$aThere are copyright restrictions on this collection. For more information, go to the online version of this video.
=600  10$aOliveira, Ana Gita de.
=651  \0$aBrazil$xCultural policy.
=650  \0$aCultural property$xProtection$zBrazil.
=650  \0$aIntangible property$zBrazil.
=653  \\$aIntangible cultural heritage
=653  \\$aPerforming heritage
=655  \7$aKeynote addresses.$2nyu-hidvl
=655  \7$aSpeeches.$2aat
=700  1\$aOliveira, Ana Gita de.$4spk
=710  2\$aHemispheric Institute of Performance and Politics.$4pro
=710  2\$aUniversidade Federal de Minas Gerais.$4pro
=710  2\$aHemispheric Institute Digital Video Library.
=711  2\$aHemispheric Institute Encuentro$n(5th :$d2005 :$cBelo Horizonte, Brazil).$tPerforming heritage : contemporary indigenous and community-based practices.
=856  40$uhttp://hdl.handle.net/2333.1/qfttdz86

