=LDR  03876cgm a2200601 a 4500
=001  000516115
=003  NNU
=004  NYUb13505110
=005  20090409170752.0
=006  m\\\\\\\\z\\\\\\\\
=007  vd\cvaizu
=007  vf\ciahou
=007  cr\cna
=007  cr\|||||||||||
=008  070613e20050314bl\018\\\\\\\\\\\\vleng\d
=024  7\$aHI2006_043_01$2nyu-hidvl
=024  7\$aHI2006.043_01$2nyu-hidvl
=035  \\$a(NYU)NYUb13505110
=040  \\$aNNU$cNNU$eamim
=245  00$aInterview with David Pleasant$h[videorecording].
=246  30$aDavid Pleasant
=260  \\$c2005 Mar. 14.
=300  \\$3master.$a1 videocassette of 1 (Digital Betacam) (18 min.) :$bsd., col. ;$c1/2 in.
=300  \\$3viewing copy.$a1 videodisc of 1 (DVD) (18 min.) :$bsd., col. ;$c4 3/4 in.
=530  \\$aAlso available online as streaming video.
=500  \\$aTitle supplied by Hemispheric Institute.
=500  \\$aPart of the Hemispheric Institute Digital Video Library.
=534  \\$pMedia source original:$e1 videocassette of 1 (Mini DV) : sd., col. ; 1/4 in. SP.$mSony DVM60.
=518  \\$aInterviewed on Mar. 14, 2005, as part of the Hemispheric Institute's 5th Encuentro in Belo Horizonte, Brazil.
=508  \\$aHemispheric Institute of Performance and Politics, producer ; Universidade Federal de Minas Gerais (UFMG), producer ; Amma Ghartey-Tago, videographer.
=511  0\$aDavid Pleasant, interviewee ; Tavia Nyong'o, interviewer.
=520  \\$aDavid Pleasant is a musical stylist who was raised in the Gullah/Geechee culture of Georgia (Sapelo Island, Darien/McIntosh County and Savannah). His work is driven by the wealth of African retention in Gullah culture, particularly juba, hand jive, pattin', rhappin' and shout, which have played a major role in the development of David's RiddimAthon!®, a performance and teaching method developed from a synthesis of African, Caribbean and African American musical traditions. As a Fulbright Senior Specialist, he presents international programs and lectures on the subject. His work has been featured in theater, dance and television, and he was featured in the award winning musical 'Crowns' by Regina Taylor. In this interview, conducted by Tavia Nyong'o at the Hemispheric Institute's 5th Encuentro (Belo Horizonte, Brazil, 2005), David talks about how he began playing percussion, demonstrates the rhythms he uses in his work, and how these shape daily Gullah life. These African-American beats include polyrhythm, call & response, pitched hand claps, syncopation, improvisation, concurrent percussion, and others that exist in much of American popular music. He also discusses 'Language of the Soul,' the show he had performed at the Encuentro a few days before the interview.
=540  \\$aThere are copyright restrictions on this collection. For more information, go to the online version of this video.
=600  10$aPleasant, David$vInterviews.
=650  \0$aGullahs.
=650  \0$aGullahs$vMusic.
=650  \0$aAfrican Americans$vMusic.
=650  \0$aAfrican American musicians.
=653  \\$aGullah / Geechee culture
=653  \\$aAfrican-American music
=655  \7$aInterview.$2nyu-hidvl
=700  1\$aPleasant, David.$4ive
=700  1\$aNyong'o, Tavia.$4ivr
=700  1\$aGhartey-Tago, Amma.$4vdg
=710  2\$aHemispheric Institute of Performance and Politics.$4pro
=710  2\$aUniversidade Federal de Minas Gerais.$4pro
=710  2\$aHemispheric Institute Digital Video Library.
=711  2\$aHemispheric Institute Encuentro$n(5th :$d2005 :$cBelo Horizonte, Brazil).$tPerforming heritage : contemporary indigenous and community-based practices.
=856  40$uhttp://hdl.handle.net/2333.1/hmgqnkjr

