=LDR  03587cgm  2200613 a 4500
=001  000516488
=003  NNU
=004  NYUb13505501
=005  20080129110438.0
=006  m\\\\\\\\z\\\\\\\\
=007  vd\cvaizu
=007  vf\ciahou
=007  cr\cna
=007  cr\|||||||||||
=008  070613s2005\\\\nyu002\\\\\\\\\\\\vleng\d
=024  7\$aHI2006_028_01$2nyu-hidvl
=024  7\$aHI2006.028_01$2nyu-hidvl
=035  \\$a(NYU)NYUb13505501
=040  \\$aNNU$cNNU$eamim
=043  \\$an-us---
=245  00$aOperation blue blood$h[videorecording].
=260  \\$cc2005.
=300  \\$a1 videocassette of 1 (Digital Betacam) (2 min.) :$bsd., col. ;$c1/2 in.$3master.
=300  \\$a1 videodisc of 1 (DVD) (2 min.) :$bsd., col. ;$c4 3/4 in.$3viewing copy.
=490  1\$aFulana collection
=530  \\$aAlso available online as streaming video.
=500  \\$aTitle supplied by Hemispheric Institute.
=500  \\$aPart of the Hemispheric Institute Digital Video Library.
=534  \\$pMedia source original:$e1 videocassette of 1 (Mini DV) : sd., col. ; 1/4 in. SP.$mSony DVM60.
=518  \\$aRecorded in New York City in 2005.
=508  \\$aFulana (Cristina Ibarra, Marlène Ramírez-Cancio, Lisandra Ramos-Grullón & Andrea Thome), creator, producer ; Marlène Ramírez-Cancio, director, graphic design ; Lisandra Ramos-Grullón, director ; Cameron Atwell, editor, sound design ; Milton Ruiz, sound recording & mixing.
=511  0\$aMarlène Ramírez-Cancio, voice-over ; Cameron Atwell, voice-over.
=520  \\$aDuring the first week of September 2005, the world watched the footage of Hurricane Katrina's New Orleans victims stranded on rooftops for days, crowded into the Convention Center and Superdome. Most of them were poor. Fulana asked themselves, What if the hurricane had hit a wealthy area instead? 'Operation Blue Blood' is a mock Confidential Message from the Bush Administration to the 'filthy rich fraction of American society,' reassuring them that in case of an emergency, the Top Secret Elite Rescue Armada would take care of them--in style. Fulana (www.fulana.org) is a Latina video collective from New York City. Through parody and satire, Fulana explores themes that are relevant to Latino cultures in the U.S., delving into the nuances that bind our experiences, experimenting with strategies to make visible what we're so often made to read between the lines. Their work, which consists mainly of mock television commercials, music videos and print advertisements, responds to the ways products and ideas are marketed to Latinos through the mass media.
=540  \\$aThere are copyright restrictions on this collection. For more information, go to the online version of this video.
=650  \0$aHurricane Katrina, 2005.
=650  \0$aMass media$zUnited States.
=650  \0$aMass media and culture$zUnited States.
=650  \0$aPolitical satire, American.
=653  \\$aLatino
=653  \\$aMedia and popular culture
=655  \7$aPerformance.$2nyu-hidvl
=655  \7$aShort film.$2nyu-hidvl
=655  \7$aVideo art.$2nyu-hidvl
=700  1\$aRamírez-Cancio, Marlène.$4drt$4prf$4dsr
=700  1\$aRamos-Grullón, Lisandra.$4drt
=700  1\$aAtwell, Cameron.$4edt$4prf
=710  2\$aFulana.$4cre$4pro
=710  2\$aHemispheric Institute Digital Video Library.
=830  \0$aFulana collection.
=856  40$uhttp://hdl.handle.net/2333.1/ttdz08xr

