=LDR  05123cgm  22006975a 4500
=001  000511230
=003  NNU
=004  NYUb13499598
=005  20080306164518.0
=006  m\\\\\\\\z\\\\\\\\
=007  vd\cvaizu
=007  vf\ciahou
=007  cr\cna
=007  cr\|||||||||||
=008  070523e20050729ck\062\\\\\\\\\\\\vlspa\d
=024  7\$aHI2006_120_01$2nyu-hidvl
=024  7\$aHI2006.120_01$2nyu-hidvl
=040  \\$aNNU$cNNU$eamim
=041  0\$aspa
=043  \\$as-ck---
=245  03$aLa cabellera [2da versión]$h[videorecording].
=260  \\$c2005 July 29.
=300  \\$a1 videocassette of 1 (Digital Betacam) (62 min.) :$bsd., col. ;$c1/2 in.$3master.
=300  \\$a1 videodisc of 1 (DVD) (62 min.) :$bsd., col. ;$c4 3/4 in.$3viewing copy.
=490  1\$aDramaturgia de género : Teatro La Máscara collection
=530  \\$aAlso available online as streaming video.
=546  \\$aIn Spanish.
=500  \\$aTitle supplied by Hemispheric Institute.
=500  \\$aPart of the Hemispheric Institute Digital Video Library.
=534  \\$pMedia source original:$e1 videocassette of 1 (Mini DV) : sd., col. ; 1/2 in. SP.$mSony T-120.
=518  \\$aPerformed in Cali, Colombia, on July 29, 2005.
=508  \\$aTeatro La Máscara, producer ; Pilar Restrepo, creator ; Lucy Bolaños, director ; M. Zambrano, H. Cixous, M. Yourcenar, C. Navia, texts ; Sergio Gómez, artistic coach, choreography ; Wilson Pico, choreography coach ; Héctor Fabio Ortega, videographer ; La Máscara, Sergio Gómez, set, props, and costumes ; Mauricio Holguín, Robinson Achinte, lighting design ; Mónika Herrán, photos and graphic design ; Pedro Alcántara, Erica Mesías, graphic design ; Lizana Herrera, Federico Suárez, music ; Carlos Arias, Miguel González, Faride Ocampo, Elizabeth López, Marcela Guauña, collaborators.
=511  1\$aSilvia Mena (protagonist), Lucy Bolaños (protagonist), Claudia Morales (protagonist).
=520  \\$aFarce performed by three 'bald grim reapers' rehearsing for a soirée in celebration of the Day of the Dead. The theme of the 'rehearsal' is hair, legends of the long hair of ancestral feminine characters like Medusa, Lady Godiva, Mary Magdalene, among others. The piece questions the tradition of patriarchal thought which depicts women's bodies as incarnations of evil; with the complicit help of science, religion, law, art and marketing, the symbolic damnation of women has been perpetuated, reinforced by new, contemporary myths. The ambivalent depiction of the feminine throughout history - as a muse, an object, a mother, a temptress, an angel, a witch - positions the feminine in a paradoxical crossroads of misogyny and idealization, rendering women a disempowered 'Other'. The piece poses a feminist commentary on these misogynist practices, using a meta-theatrical approach to the stories of famous feminine icons to denounce the injustices inflicted on them, and to celebrate their power and agency as women. La Máscara is the oldest feminist, all-women's theater in Colombia. Founded in 1972 in Cali, La Máscara was a political theater initially comprised of male and female actors; by the early 1980s, when only the women wanted to continue its theatrical trajectory, Lucy Bolaños decided to make La Máscara a women's ensemble fully dedicated to a feminine dramaturgy on gender issues. Committed to feminism and social change, they have stayed true to this mission, despite the many social and economic pressures they've had to endure in an environment plagued by violence and machismo, which constantly seeks to 'invisibilize' their work. They're not only creating and staging plays, but also working with marginalized communities, actively participating in political protests, and being involved in the organization of theater festivals. Through their work, they keep re-thinking women's role in the construction of a peaceful Colombia.
=540  \\$aThere are copyright restrictions on this collection. For more information, go to the online version of this video.
=650  \0$aFeminist theater$zColombia.
=650  \0$aTheater$zColombia.
=650  \0$aAll Souls' Day.
=650  \0$aFeminism.
=650  \0$aPatriarchy.
=650  \0$aGrim Reaper (Symbolic character)
=653  \\$aDay of the Dead
=653  \\$aFeminist issues
=653  \\$aCreación colectiva
=655  \7$aPerformance.$2nyu-hidvl
=655  \7$aTheater.$2nyu-hidvl
=655  \7$aFeminist theater.$2nyu-hidvl
=655  \7$aCollective creation.$2nyu-hidvl
=700  1\$aRestrepo, Pilar,$d1958-$4cre
=700  1\$aBolaños, Lucy.$4drt$4prf
=700  1\$aMena, Silvia.$4prf
=700  1\$aMorales, Claudia.$4prf
=710  2\$aTeatro La Máscara (Cali, Colombia)$4pro
=710  2\$aHemispheric Institute Digital Video Library.
=830  \0$aDramaturgia de género : Teatro La Máscara collection
=856  40$uhttp://hdl.handle.net/2333.1/d7wm37xj

