=LDR  04932cgm  22006855a 4500
=001  000510977
=003  NNU
=004  NYUb13499337
=005  20080306124650.0
=006  m\\\\\\\\z\\\\\\\\
=007  vd\cvaizu
=007  vf\ciahou
=007  cr\cna
=007  cr\|||||||||||
=008  070522s2005\\\\ck\028\\\\\\\\\\\\vlspa\d
=024  7\$aHI2006_114_01$2nyu-hidvl
=024  7\$aHI2006.114_01$2nyu-hidvl
=040  \\$aNNU$cNNU$eamim
=043  \\$as-ck---
=245  04$aUna paz con alas$h[videorecording] :$bmemorias Teatro La Máscara.
=246  30$aMemorias Teatro La Máscara
=260  \\$c2005.
=300  \\$a1 videocassette of 1 (Digital Betacam) (28 min.) :$bsd., col. ;$c1/2 in.$3master.
=300  \\$a1 videodisc of 1 (DVD) (28 min.) :$bsd., col. ;$c4 3/4 in.$3viewing copy.
=490  1\$aDramaturgia de género : Teatro La Máscara collection
=530  \\$aAlso available online as streaming video.
=546  \\$aIn Spanish.
=500  \\$aTitle supplied by Hemispheric Institute.
=500  \\$aPart of the Hemispheric Institute Digital Video Library.
=534  \\$pMedia source original:$e1 videocassette of 1 (Mini DV) : sd., col. ; 1/4 in. SP.$mPanasonic DVM60.
=518  \\$aPerformed in Cali, Colombia, in 2005.
=508  \\$aTeatro La Máscara, producer ; Clara Mariana Riascos, Eulalia Carrizosa, directors ; Pilar Restrepo Mejía, Lucy Bolaños, general coordination ; Yuridia Alvarado Rivera, editor ; Eulalia Carrizosa, Pilar Restrepo Mejía, script, editing, and sound ; Oscar Bernal, Clara Mariana Riascos, Jaime Bonilla, Archivo de Adalgiza Charria, photographs.
=511  0\$aLucy Bolaños, interviewee ; Pilar Restrepo, interviewee ; Norma L. Bermúdez, interviewee.
=520  \\$aDocumentary on Colombian theater ensemble Teatro La Máscara, a testimony and chronicle of the group's artistic and activist trajectory, documenting key pieces in their repertory, scholarly work, their involvement in feminist struggles in Colombia along with the Red Nacional de Mujeres, and the hosting in Colombia of the International Theater Festival 'Magdalena Pacífica' in 2002, as a part of the international network of women in contemporary theater Magdalena Project. Interviews with La Máscara's founder and director Lucy Bolaños, playwright Pilar Restrepo, and spokesperson of the 'Red Nacional de Mujeres' Norma Bermúdez give context to the contributions of La Máscara to the development and acknowledgment of Colombian women's creative languages, while advocating for a culture of peace through the strengthening of alternative imaginaries of solidarity and equality. Teatro La Máscara is the oldest - and one of the only - feminist, all-women's theater in Colombia. Founded in 1972 in Cali, La Máscara was a political theater initially comprised of male as well as female actors; by the early 1980s, when only the women stayed and wanted to continue the theatrical trajectory of the group, Lucy Bolaños decided to make La Máscara a women's ensemble fully dedicated to a feminine dramaturgy on gender issues. Committed to feminism and social change, they have stayed true to this mission, despite the many social and economic pressures they've had to endure in an environment plagued by violence and machismo, which constantly seeks to 'invisibilize' their work. Because of their fruitful stubbornness, La Máscara is not only creating and staging plays, but also working with marginalized communities, actively participating in political protests and demonstrations, and being involved in the organization of theater festivals. Through their work, they keep re-thinking women's role in the construction of a peaceful Colombia.
=540  \\$aThere are copyright restrictions on this collection. For more information, go to the online version of this video.
=600  10$aBolaños, Lucy$vInterviews.
=600  10$aRestrepo, Pilar,$d1958-$vInterviews.
=600  10$aBermúdez, Norma L.$vInterviews.
=610  20$aTeatro La Máscara (Cali, Colombia)
=610  20$aMagdalena Project.
=650  \0$aFeminist theater$zColombia.
=650  \0$aTheater$zColombia.
=655  \7$aDocumentary.$2nyu-hidvl
=655  \7$aTheater.$2nyu-hidvl
=655  \7$aFeminist theater.$2nyu-hidvl
=655  \7$aInterview.$2nyu-hidvl
=700  1\$aRiascos, Clara Mariana.$4drt
=700  1\$aCarrizosa, Eulalia.$4drt
=700  1\$aBolaños, Lucy.$4ive
=700  1\$aRestrepo, Pilar,$d1958-$4ive
=700  1\$aBermúdez, Norma L.$4ive
=710  2\$aTeatro La Máscara (Cali, Colombia)$4pro
=710  2\$aHemispheric Institute Digital Video Library.
=830  \0$aDramaturgia de género : Teatro La Máscara collection
=856  40$uhttp://hdl.handle.net/2333.1/5qfttf42

