=LDR  03377cgm a2200613 a 4500
=001  000518016
=003  NNU
=004  NYUb13507148
=005  20080128164807.0
=006  m\\\\\\\\z\\\\\\\\
=007  vd\cvaizu
=007  vf\ciahou
=007  cr\cna
=007  cr\|||||||||||
=008  070619e200507uunyu009\\\\\\\\\\\\vleng\d
=024  7\$aHI2006_021_01$2nyu-hidvl
=024  7\$aHI2006.021_01$2nyu-hidvl
=035  \\$a(NYU)NYUb13507148
=040  \\$aNNU$cNNU$eamim
=043  \\$an-us-ny
=245  00$aInterview with Rosemary Richmond, Executive Director of the AICH$h[videorecording].
=246  30$aRosemary Richmond
=260  \\$c2005 July.
=300  \\$3master.$a1 videocassette of 1 (Digital Betacam) (9 min.) :$bsd., col. ;$c1/2 in.
=300  \\$3viewing copy.$a1 videodisc of 1 (DVD) (9 min.) :$bsd., col. ;$c4 3/4 in.
=490  1\$aHemispheric Institute featured interviews
=530  \\$aAlso available online as streaming video.
=500  \\$aTitle supplied by Hemispheric Institute.
=500  \\$aPart of the Hemispheric Institute Digital Video Library.
=534  \\$pMedia source original:$e1 videocassette of 1 (Mini DV) : sd., col. ; 1/4 in. SP.$mPanasonic DVM60.
=518  \\$aInterviewed in New York City in July 2005.
=508  \\$aHemispheric Institute of Performance and Politics, producer ; Janhavi Pakrashi, videographer.
=511  0\$aRosemary Richmond, interviewee ; Leota Lone Dog, interviewer.
=520  \\$aRosemary Richmond (Akwesasne Mohawk of the Bear Clan) is a third-generation member of New York City's American Indian Community. She has worked for the American Indian Community House (AICH) since 1975, and has been its Executive Director since 1987. Under her leadership, AICH (www.aich.org) has grown from a loose consortium of groups and individuals into a multi-faceted social support and cultural center. In this interview, Richmond talks about the history of the AICH and the services the organization provides for the Native community in New York City. This interview also complements the Hemispheric Institute Digital Video Library project's American Indian Community House Collection. It is also featured on-line in the Hemispheric Institute's web cuaderno titled 'Native Performance in New York City at the American Indian Community House.'
=540  \\$aThere are copyright restrictions on this collection. For more information, go to the online version of this video.
=600  10$aRichmond, Rosemary$vInterviews.
=610  20$aAmerican Indian Community House (New York, N.Y.)
=650  \0$aIndians of North America$zNew York (State)$zNew York.
=650  \0$aIndian artists$zNew York (State)$zNew York.
=650  \0$aIndian arts$zNew York (State)$zNew York.
=653  \\$aUrban Indian
=653  \\$aIndigenous performance
=655  \7$aInterview.$2nyu-hidvl
=700  1\$aRichmond, Rosemary.$4ive
=700  1\$aLone Dog, Leota.$4ivr
=700  1\$aPakrashi, Janhavi.$4vdg
=710  2\$aHemispheric Institute of Performance and Politics.$4pro
=710  2\$aHemispheric Institute Digital Video Library.
=830  \0$aHemispheric Institute featured interviews.
=856  40$uhttp://hdl.handle.net/2333.1/xksn0365

