=LDR  05889cgm a2200685 a 4500
=001  000516056
=003  NNU
=004  NYUb13505023
=005  20080205132204.0
=006  m\\\\\\\\z\\\\\\\\
=007  vd\cvaizu
=007  vf\ciahou
=007  cr\cna
=007  cr\|||||||||||
=008  070613e20050521mx\032\\\\\\\\\\\\vlspa\d
=024  7\$aHI2006_045_01$2nyu-hidvl
=024  7\$aHI2006.045_01$2nyu-hidvl
=035  \\$a(NYU)NYUb13505023
=040  \\$aNNU$cNNU$eamim
=041  0\$aspa
=043  \\$an-mx---
=245  00$aAdiós a El Hábito$h[videorecording].
=246  31$aFarewell to El Hábito
=246  3\$aVelorio de El Hábito
=260  \\$c2005 May 21.
=300  \\$3master.$a1 videocassette of 1 (Digital Betacam) (32 min.) :$bsd., col. ;$c1/2 in.
=300  \\$3viewing copy.$a1 videodisc of 1 (DVD) (32 min.) :$bsd., col. ;$c4 3/4 in.
=490  1\$aEl Hábito collection
=530  \\$aAlso available online as streaming video.
=546  \\$aIn Spanish.
=500  \\$aTitle supplied by Hemispheric Institute.
=500  \\$aPart of the Hemispheric Institute Digital Video Library.
=534  \\$pMedia source original:$e1 videocassette of 1 (Mini DV) : sd., col. ; 1/4 in. SP.$mSony DVM60.
=518  \\$aPerformed at Teatro El Hábito, Mexico City, Mexico, on May 21, 2005.
=508  \\$aJesusa Rodríguez, producer, director ; Liliana Felipe, producer, music.
=511  1\$aJesusa Rodríguez (protagonist), Liliana Felipe (protagonist), Ana Francis Mor, Cecilia Sotres, Marisol Gasé, Nora Huerta.
=520  \\$aCabaret event by renowned artists Jesusa Rodríguez and Liliana Felipe, a farewell gathering celebrating the 15-year trajectory of their Teatro Bar El Hábito. The legendary performance venue was originally opened in 1954 by Mexican poet Salvador Novo as an agora for artistic expression. Acquired and ran by Rodríguez and Felipe since 1990, El Hábito was transformed into a hotbed for intellectuals, feminists, gay rights activists and open-minded, progressive people who want to be engaged by a smart and critical humor. Singing well-known songs by Felipe, reminiscing about events of the past 15 years, and 'passing the torch' to the new owners of the performance space (the theater-cabaret ensemble Reinas Chulas - Ana Francis Mor, Cecilia Sotres, Marisol Gasé, and Nora Huerta), Jesusa and Liliana celebrate the closing of a period of their fruitful trajectory together, leaving us with a provocative aphorism: 'lo más difícil de quitarse es un hábito'. Mexican director, actress, playwright, performance artist, scenographer, entrepreneur, and social activist Jesusa Rodréguez has been called the most important woman of Mexico. Often referred to as a 'chameleon,' Rodríguez moves seemingly effortlessly and with vigor across the spectrum of cultural forms, styles, and tones. Her 'espectáculos' (as both spectacles and shows) challenge traditional classification, crossing with ease generic boundaries: from elite to popular to mass, from Greek tragedy to cabaret, from pre-Columbian indigenous to opera, from revue, sketch and 'carpa,' to performative acts within political projects. Humor, satire, linguistic play, and the body are constants in her productions. She seeks to render corporal and, thus, visible, the tensions between the discourses in operation on and through the individual and collective body. Rodriguez's energy is intense and her commitment non-negotiable, always interrogating the nature, site, and consequences of power and its representation. Liliana Felipe, one of Latin America's foremost singers and composers, was born in Argentina in the 1950s. She left for Mexico just before the outbreak of the 'Dirty War' (1976), but her sister and brother-in-law were both 'disappeared'--victims of the military dictatorship's criminal politics. Liliana's music has a wide following in Latin America. She continues to be a powerful presence in Argentina, working with human rights organizations--especially H.I.J.O.S. (the organization of the children of the disappeared). In Mexico, Liliana went to one of Jesusa Rodríguez's performances. Jesusa, catching a glimpse of Felipe in the audience, remembers saying to herself: 'I am going to die with that woman.' Since then, Liliana and Jesusa have created two performance spaces, El Cuervo and later El Hábito in Coyoacán, Mexico City, that they still run. They 'married' in February 2000. El Hábito (www.elhabito.com.mx) is a hotbed for intellectuals, feminists, gay rights activists and open-minded, progressive people who want to be engaged by a smart and critical humor. In this off-off space, and with the collaboration of their theater cooperative Las Divas, Jesusa y Liliana have produced hundreds of shows since the 1980s.
=540  \\$aThere are copyright restrictions on this collection. For more information, go to the online version of this video.
=610  20$aTeatro Bar el Hábito.
=650  \0$aMusic-halls (Variety-theaters, cabarets, etc.)$zMexico.
=650  \0$aPerforming arts$zMexico.
=653  \\$aCabaret
=653  \\$aPolitical performance
=655  \7$aPerformance.$2nyu-hidvl
=655  \7$aCabaret.$2nyu-hidvl
=655  \7$aPolitical performance.$2nyu-hidvl
=655  \7$aQueer performance.$2nyu-hidvl
=700  1\$aRodríguez, Jesusa.$4pro$4drt$4prf
=700  1\$aFelipe, Liliana.$4pro$4mus$4prf
=700  1\$aMor, Ana Francis.$4prf
=700  1\$aGasé, Marisol.$4prf
=700  1\$aSotres, Cecilia.$4prf
=700  1\$aHuerta, Nora.$4prf
=710  2\$aHemispheric Institute Digital Video Library.
=830  \0$aJesusa Rodríguez & Liliana Felipe : El Hábito collection.
=856  40$uhttp://hdl.handle.net/2333.1/s1rn8pv9

