=LDR  04811cgm a2200673 a 4500
=001  000557614
=003  NNU
=004  NYUb13550180
=005  20100805105834.0
=006  m\\\\\\\\z\\\\\\\\
=007  vd\cvaizu
=007  vf\ciahou
=007  cr\cna
=007  cr\|||||||||||
=008  071107e20050315bl\050\\\\\\\\\\\\vlmul\d
=024  7\$aHI2005_084_01$2nyu-hidvl
=024  7\$aHI2005.084_01$2nyu-hidvl
=035  \\$a(NYU)NYUb13550180
=040  \\$aNNU$cNNU$eamim
=041  0\$aspa$aeng
=043  \\$an-mx---
=245  00$aJesusa Rodríguez and Liliana Felipe :$bCabaret prehispánico : el ombligo de las diosas$h[videorecording]
=246  31$aJesusa Rodríguez and Liliana Felipe :$bPrehispanic cabaret : the goddesses's navel
=246  30$aCabaret prehispánico :$bel ombligo de las diosas
=246  1\$iTitle on DVD cover and title screen:$aCabaret prehispánico
=260  \\$c2005 Mar. 15.
=300  \\$3master.$a1 videocassette of 1 (Digital Betacam) (50 min.) :$bsd., col. ;$c1/2 in.
=300  \\$3viewing copy.$a1 videodisc of 1 (DVD) (50 min.) :$bsd., col. ;$c4 3/4 in.
=530  \\$aAlso available online as streaming video.
=546  \\$aIn Spanish and English.
=500  \\$aTitle supplied by Hemispheric Institute.
=500  \\$aPart of the Hemispheric Institute Digital Video Library.
=534  \\$pMedia source original:$e1 videocassette of 1 (Mini DV) : sd., col. ; 1/4 in. SP.$mPanasonic Mini DV DVM60.
=518  \\$aPerformed at Teatro Francisco Nunes on Mar. 15, 2005, as part of the Hemispheric Institute's 5th Encuentro in Belo Horizonte, Brazil, entitled Performing Heritage: Contemporary Indigenous and Community-Based Practices.
=508  \\$aJesusa Rodríguez, creator, writer and director ; Liliana Felipe, creator and songwriter ; Hemispheric Institute, producer ; Universidade Federal de Minas Gerais, producer ; Diana Taylor, introducer.
=511  1\$aJesusa Rodríguez, Liliana Felipe.
=520  \\$a'Prehispanic Cabaret' is an act of protest against multinational agricultural biotechnology corporations (such as Monsanto) whose introduction of genetically-modified corn into Mexican agriculture severely threatens the country's intangible cultural heritage by all but eliminating natural corn. 'We are corn people,' says writer, director and performer Jesusa Rodríguez, who has been politically active in in the uphill battle against the government-backed corporations. This cabaret, unlike most of Jesusa and Liliana's work at El Hábito, is largely non-verbal; it is Liliana's mordant lyrics that give voice to Jesusa's symbolic body onstage as she becomes an indigenous woman, a character in a codex, a peasant, and finally the figure of Death. 'Cabaret Prehispánico' was performed at the Francisco Nunes theater in Belo Horizonte, Brazil, as a part of the 5th Encuentro of the Hemispheric Institute of Performance and Politics, titled Performing Heritage: Contemporary Indigenous and Community-Based Practices (http://hemisphericinstitute.org/eng/seminar/brazil2005/index.html).. The performance is followed by a Q&A session, where Jesusa tells the audience that the Death character, besides throwing handfuls of corn up into the air and onto the stage, was also supposed to throw (fake) hundred-dollar bills--except they were stolen at the airport. Jesusa also reveals that this show (performed only once before, in New York) marks the end of their 15-year trajectory at El Hábito. 'There is an abyss behind us and an abyss before us, and we need to take a break to think about where we go from here,' she says.
=540  \\$aThere are copyright restrictions on this collection. For more information, go to the online version of this video.
=650  \0$aCorn$zMexico.
=650  \0$aCorn$xGenetic engineering$zMexico.
=650  \0$aCorn$xPolitical aspects$zMexico.
=650  \0$aGenetically modified foods$zMexico.
=650  \0$aTransgenic plants$zMexico.
=655  \7$aPerformance.$2nyu-hidvl
=655  \7$aTheater.$2nyu-hidvl
=655  \7$aPolitical performance.$2nyu-hidvl
=655  \7$aCabaret.$2nyu-hidvl
=655  \7$aMexican performance.$2nyu-hidvl
=700  1\$aRodríguez, Jesusa.$4cre$4drt
=700  1\$aFelipe, Liliana.$4cre$4cmp
=710  2\$aUniversidade Federal de Minas Gerais.
=710  2\$aHemispheric Institute of Performance and Politics.
=710  2\$aHemispheric Institute Digital Video Library.
=711  2\$aHemispheric Institute Encuentro$n(5th :$d2005 :$cBelo Horizonte, Brazil).$tPerforming heritage : contemporary indigenous and community-based practices.
=856  40$uhttp://hdl.handle.net/2333.1/rbnzs7vq

