=LDR  05065cgm  2200661 a 4500
=001  000032083
=003  NNU
=004  NYUb13610632
=005  20080503144133.0
=006  m\\\\\\\\z\\\\\\\\
=007  vd\cvaizu
=007  vf\ciahou
=007  cr\cna
=007  cr\|||||||||||
=007  vd\cvaizu
=008  080503e200502uuxx\089\\\\\\\\\\\\vleng\d
=024  7\$aHI2007_250_01$2nyu-hidvl
=024  7\$aHI2007_251_01$2nyu-hidvl
=024  7\$aHI2007.250_01$2nyu-hidvl
=024  7\$aHI2007.251_01$2nyu-hidvl
=035  \\$a(NYU)NYUb13610632
=040  \\$aNNU$cNNU$eamim
=041  0\$aeng
=079  \\$a(OCoLC)897092090
=245  00$aYokastaS redux$h[videorecording].
=260  \\$c2005 Feb.
=300  \\$a2 videodiscs of 2 (DVD) (89 min.: pt.1, 47 min. ; pt.2, 42 min.) :$bsd., col. ;$c4 3/4 in.$3viewing copy.
=300  \\$a2 videocassettes of 2 (Digital Betacam) (89 min.) :$bsd., col. ;$c1/2 in.$3master.
=490  1\$aRichard Schechner's Productions collection
=530  \\$aAlso available online as streaming video.
=546  \\$aIn English.
=500  \\$aTitle supplied by Hemispheric Institute.
=500  \\$aPart of the Hemispheric Institute Digital Video Library.
=534  \\$pMedia source original:$e2 videocassettes of 2 (Mini DV) : sd., col. ; 1/4 in. SP.$mPanasonic DVM60.
=518  \\$aPerformed at La MaMa Annex, New York City, in February 2005.
=508  \\$aRichard Schechner, producer, director, writer, set ; East Coast Artists, producer ; Saviana Stanescu, writer ; Benjamin Mosse, assistant director ; Zhen Heinemann, stage manager ; Ryan Jensen, photographic montage ; Oana Botez-Ban, costumes ; Lucrecia Briceno, lighting ; Allen Willner, sound ; Audrey Donohue, sound operator.
=511  1\$aDaphne Gaines (Yokasta), Phyllis Johnson (Yoko), Rachel Bowditch (Yono), Jennifer Lim (Yoyo), Christopher Logan Healy (Media, Laius, Oedipus), Sarah Kozinn (Understudy).
=520  \\$a'YokastaS Redux' portrays the mother of Oedipus at four different stages of her life, played by four different actresses. Breaking Yokasta into multiple characters enabled Schechner and Stanescu to reconfigure the story as a plural narrative of conflicting desires and life experiences. The multi-faceted work combines irony, tragedy, humor, sexuality, murder, and pop culture. Yoyo, a prepubescent girl is determined and hopeful as she insists she will not live the life fated for her. Yoko, is first seen on the night she abandons Oedipus and last seen on the night before Laius leaves for his last journey to Delphi. Bitter and angry, Yoko seeks vengeance for her ruined life. Yono welcomes youthful, lusty Oedipus back to Thebes, marries him, bears four children, and trains him to be king. She also describes how, before Oedipus re-entered her life, she drowned her boy newborns. Finally, Yokasta, around 55, a sage and sharp-witted cynic, tours talk shows to denounce the 'lies' that Sophocles and Freud wrote about her. Laius-Oedipus-Talk Show Host is foil, partner, lover, son, and father. In one talk show scene the Yokastas, representing Yokasta, Medea, and Phaedra, argue over who is 'tragedy's baddest mama.' The multiple Yokastas share the stage interacting and disagreeing with each other and, finally, with the audience. Richard Schechner is a theater director, performance theorist and university professor known for being one of the founders of the academic discipline of Performance Studies at Tisch School of the Arts, New York University. Schechner combines his work in anthropology with innovative approaches to performance of all kinds including ritual, drama, environmental theatre, political rallies, dance, music, etc. in order to consider how performance can be understood not just as an object of study, but also as an active intellectual-artistic practice. He is the editor of 'TDR: The Journal of Performance Studies.' His books include 'Environmental Theater,' 'The Future of Ritual,' 'Performance Theory,' 'Between Theater and Anthropology' and 'Performance Studies: An Introduction.' As of 2007, his books have been translated into 14 languages.
=540  \\$aThere are copyright restrictions on this collection. For more information, go to the online version of this video.
=650  \0$aJocasta (Greek mythology)$vDrama.
=600  00$aOedipus$c(Greek mythological figure)$vDrama.
=650  \0$aWomen$vDrama.
=655  \7$aPerformance.$2nyu-hidvl
=655  \7$aTheater.$2nyu-hidvl
=655  \7$aExperimental theater$2nyu-hidvl
=700  1\$aSchechner, Richard,$d1934-$4pro$4drt$4aut
=700  1\$aStanescu, Saviana,$d1967-$4aut
=710  2\$aEast Coast Artists.$4pro
=710  2\$aHemispheric Institute Digital Video Library.
=830  \0$aRichard Schechner's Productions collection
=856  40$uhttp://hdl.handle.net/2333.1/vx0k6dwv
=853  00$81$apt.
=863  50$81.1$a1$p31142047316248
=863  50$81.2$a2$p31142047316255

