=LDR  04290cgm a22006255a 4500
=001  000512570
=003  NNU
=004  NYUb13501049
=005  20090409170807.0
=006  m\\\\\\\\z\\\\\\\\
=007  vd\cvaizu
=007  vf\ciahou
=007  cr\cna
=007  cr\|||||||||||
=008  070531e20050314bl\016\\\\\\\\\\\\vleng\d
=024  7\$aHI2006_153_01$2nyu-hidvl
=024  7\$aHI2006.153_01$2nyu-hidvl
=040  \\$aNNU$cNNU$eamim
=245  00$aInterview with Beverly Singer$h[videorecording].
=246  30$aBeverly Singer
=260  \\$c2005 Mar. 14.
=300  \\$3master.$a1 videocassette of 1 (Digital Betacam) (16 min.) :$bsd., col. ;$c1/2 in.
=300  \\$3viewing copy.$a1 videodisc of 1 (DVD) (16 min.) :$bsd., col. ;$c4 3/4 in.
=530  \\$aAlso available online as streaming video.
=500  \\$aTitle supplied by Hemispheric Institute.
=500  \\$aPart of the Hemispheric Institute Digital Video Library.
=534  \\$pMedia source original:$e1 videocassette of 1 (Mini DV) : sd., col. ; 1/4 in. SP.$mPanasonic DVM60.
=518  \\$aInterviewed in Belo Horizonte, Brazil, on Mar. 14, 2005.
=508  \\$aHemispheric Institute of Performance and Politics, producer ; Universidade Federal de Minas Gerais (UFMG), producer ; Sarah Townsend, videographer.
=511  0\$aBeverly Singer, interviewee ; Tasha Hubbard, interviewer.
=520  \\$aBeverly Singer is a Native American of Tewa and Navajo heritage from Santa Clara Pueblo, New Mexico. She is an award-winning documentary filmmaker whose video productions explore the subject of cultural revitalizing in Native American communities. She is an Associate Professor of Anthropology and Native American Studies and former director of the Alfonso Ortiz Center for Intercultural Studies at the University of New Mexico. She has previously worked in New York City as public programs specialist with the Museum of the American Indian Film and Video Center, and taught at Parsons School of Design and at California Polytechnic State University. She received her Ph.D. in American studies from the University of New Mexico; M.A. in Administration from University of Chicago; B.A. in Social Welfare/Psychology from the College of Santa Fe; and film training at the Anthropology Film Center in Santa Fe. She is a founding member of the Native American Producers Alliance and author of a book on Native American independent filmmaking, 'Wiping the War Paint Off the Lens: Native American Film and Video'. In this interview, conducted at the Hemispheric Institute's 5th Encuentro (Belo Horizonte, Brazil, 2005, http://hemi.nyu.edu/eng/seminar/brazil2005), Singer talks about her documentary work as a search for the practices and values that have survived through all the changes in indigenous life and are still in place keeping them connected to one another in a community. She also researches and documents the coping mechanisms that are being put in place by indigenous people to find their place in the world.
=540  \\$aThere are copyright restrictions on this collection. For more information, go to the online version of this video.
=600  10$aSinger, Beverly R.$vInterviews.
=650  \0$aIndependent filmmakers$vInterviews.
=650  \0$aIndigenous peoples$xSocial life and customs.
=650  \0$aCultural property$xProtection.
=655  \0$aDocumentary films.
=655  \0$aIndependent films.
=653  \\$aNative American film and video
=653  \\$aNative American culture
=653  \\$aDocumentary filmmakers
=655  \7$aInterview.$2nyu-hidvl
=700  1\$aSinger, Beverly R.$4ive
=700  1\$aHubbard, Tasha.$4ivr
=700  1\$aTownsend, Sarah.$4vdg
=710  2\$aHemispheric Institute of Performance and Politics.$4pro
=710  2\$aUniversidade Federal de Minas Gerais.$4pro
=710  2\$aHemispheric Institute Digital Video Library.
=711  2\$aHemispheric Institute Encuentro$n(5th :$d2005 :$cBelo Horizonte, Brazil).$tPerforming heritage : contemporary indigenous and community-based practices.
=856  40$uhttp://hdl.handle.net/2333.1/d51c5b70

