=LDR  04437cgm a22006495a 4500
=001  000512483
=003  NNU
=004  NYUb13500959
=005  20090409170812.0
=006  m\\\\\\\\z\\\\\\\\
=007  vd\cvaizu
=007  vf\ciahou
=007  cr\cna
=007  cr\|||||||||||
=008  070531e20050319bl\025\\\\\\\\\\\\vleng\d
=024  7\$aHI2006_152_01$2nyu-hidvl
=024  7\$aHI2006.152_01$2nyu-hidvl
=040  \\$aNNU$cNNU$eamim
=041  1\$aeng$ahaw
=043  \\$an-us-hi
=245  00$aInterview with Vicky Takamine$h[videorecording].
=246  30$aVicky Takamine
=260  \\$c2005 Mar. 19.
=300  \\$3master.$a1 videocassette of 1 (Digital Betacam) (25 min.) :$bsd., col. ;$c1/2 in.
=300  \\$3viewing copy.$a1 videodisc of 1 (DVD) (25 min.) :$bsd., col. ;$c4 3/4 in.
=530  \\$aAlso available online as streaming video.
=546  \\$aIn English, with some Hawaiian.
=500  \\$aTitle supplied by Hemispheric Institute.
=500  \\$aPart of the Hemispheric Institute Digital Video Library.
=534  \\$pMedia source original:$e1 videocassette of 1 (Mini DV) : sd., col. ; 1/4 in. SP.$mPanasonic DVM60.
=518  \\$aInterviewed in Belo Horizonte, Brazil, on Mar. 19, 2005.
=508  \\$aHemispheric Institute of Performance and Politics, producer ; Universidade Federal de Minas Gerais (UFMG), producer.
=511  0\$aVicky Takamine, interviewee ; Rangihiroa Panoho, interviewer.
=520  \\$aVicky Holt Takamine is the founder and kumu hula (master teacher) of Pua Ali'i 'Ilima, a school of traditional Hawaiian dance. In addition, she teaches hula at UH Mānoa and Leeward Community College. She graduated through the 'ūniki rituals of hula from Maiki Aiu Lake. Vicky received her BA and MA in Dance Ethnology from the University of Hawai'i. She is well respected throughout the Hawaiian community for her cultural expertise and advocacy work on behalf of Hawaiians, their cultural traditions, and the protection and preservation of the cultural and natural resources of Hawai'i. In 1997, Vicky coordinated a massive demonstration of Hawaiian cultural practitioners to oppose legislation that would severely restrict native Hawaiian cultural practices. Since then, she has coordinated demonstrations, rallies and marches calling for social, economic and environmental justice for native Hawaiians. Vicky is the po'o (president) and co-founder of 'Īlio'ulaokalani (www.ilio.org), a coalition of traditional practitioners who are committed to protecting their Hawaiian customs and traditions, the president of KAHEA: The Hawaiian Environmental Alliance, a coalition of Hawaiian and Environmental organizations committed to protecting the natural and cultural environment of Hawai'i, and co-founder and president of Aloha 'Aina, a new Hawaiian political party. In this interview, conducted at the Hemispheric Institute's 5th Encuentro (Belo Horizonte, Brazil, 2005, http://hemi.nyu.edu/eng/seminar/brazil2005), Takamine talks about how hula dance has served as a tool for transmission of native Hawaiian traditions, as a mode of resistance against colonialism, and as a site for the discussion of issues of intangible cultural heritage.
=540  \\$aThere are copyright restrictions on this collection. For more information, go to the online version of this video.
=600  10$aTakamine, Vicky$vInterviews.
=650  \0$aHula (Dance)$zHawaii.
=650  \0$aPolitical activists$zHawaii.
=650  \0$aCultural property$zHawaii.
=650  \0$aCultural property$xProtection$zHawaii.
=650  \0$aManners and customs.
=653  \\$aHawaiian cultural traditions
=653  \\$aPolitical activism
=653  \\$aIntangible cultural heritage
=655  \7$aInterview.$2nyu-hidvl
=700  1\$aTakamine, Vicky.$4ive
=700  1\$aPanoho, Rangihiroa.$4ivr
=710  2\$aHemispheric Institute of Performance and Politics.$4pro
=710  2\$aUniversidade Federal de Minas Gerais.$4pro
=710  2\$aHemispheric Institute Digital Video Library.
=711  2\$aHemispheric Institute Encuentro$n(5th :$d2005 :$cBelo Horizonte, Brazil).$tPerforming heritage : contemporary indigenous and community-based practices.
=856  40$uhttp://hdl.handle.net/2333.1/hx3ffbqv

