=LDR  04133cgm a2200637 a 4500
=001  000516074
=003  NNU
=004  NYUb13505056
=005  20090409170818.0
=006  m\\\\\\\\z\\\\\\\\
=007  vd\cvaizu
=007  vf\ciahou
=007  cr\cna
=007  cr\|||||||||||
=008  070613e20050319bl\027\\\\\\\\\\\\vleng\d
=024  7\$aHI2006_044_01$2nyu-hidvl
=024  7\$aHI2006.044_01$2nyu-hidvl
=035  \\$a(NYU)NYUb13505056
=040  \\$aNNU$cNNU$eamim
=245  00$aInterview with Dancing Earth$h[videorecording].
=246  30$aDancing Earth
=260  \\$c2005 Mar. 19.
=300  \\$3master.$a1 videocassette of 1 (Digital Betacam) (27 min.) :$bsd., col. ;$c1/2 in.
=300  \\$3viewing copy.$a1 videodisc of 1 (DVD) (27 min.) :$bsd., col. ;$c4 3/4 in.
=530  \\$aAlso available online as streaming video.
=500  \\$aTitle supplied by Hemispheric Institute.
=500  \\$aPart of the Hemispheric Institute Digital Video Library.
=534  \\$pMedia source original:$e1 videocassette of 1 (Mini DV) : sd., col. ; 1/4 in. SP.$mSony DVM60.
=518  \\$aInterviewed on Mar. 19, 2005, as part of the Hemispheric Institute's 5th Encuentro in Belo Horizonte, Brazil.
=508  \\$aHemispheric Institute of Performance and Politics, producer ; Universidade Federal de Minas Gerais (UFMG), producer ; Sarah Townsend, videographer.
=511  0\$aRulan Tangen, interviewee ; Alejandro Meraz, interviewee ; Anthony Thosh Collins, interviewee ; Quetzal Guerrero, interviewee ; Tina Majkowski, interviewer.
=520  \\$aDancing Earth is an array of indigenous dance artists who work as a collective under the leadership of Rulan Tangen, striving to embody a unique essence of Indigenous identity and perspective by creation and renewal of artistic and cultural movement rituals. 'Ancient and futuristic, our dances are an elemental language of bone and blood memory in motion. We cultivate our individual artistry on behalf of empowerment of all peoples, and create bridges for art and humanity, tradition and experimentation. Through movement, we gather with respect, inspiration and innovation. We create our works with Indigenous collaborators in the fields of music, mask making, photography, costume, light design, architecture, poetry and storytelling.' In this interview, conducted by Tina Majkowski at the Hemispheric Institute's 5th Encuentro (Belo Horizonte, Brazil, 2005), choreographer Rulan Tangen is joined by musician/dancer/painter Quetzal Guerrero (Cambiva, Yacqui, Ahumeche), dancer/photographer Anthony Ch-Wl-Tas Collins (Salt River Pima, Seneca, Osage), and dancer/actor/painter Alejandro Meraz (Tarasco). They discuss, among other things, the origins of their collaboration, the role of dance as a channel of empowerment for indigenous people, and the ways in which Dancing Earth works with memory, place, tradition, and ritual through movement.
=540  \\$aThere are copyright restrictions on this collection. For more information, go to the online version of this video.
=610  20$aDancing Earth$vInterviews.
=650  \0$aIndian dance.
=650  \0$aModern dance.
=650  \0$aIndigenous peoples.
=653  \\$aIndigenous performance
=653  \\$aContemporary dance
=655  \7$aInterview.$2nyu-hidvl
=700  1\$aTangen, Rulan.$4ive
=700  1\$aMeraz, Alejandro.$4ive
=700  1\$aThosh Collins, Anthony.$4ive
=700  1\$aGuerrero, Quetzal.$4ive
=700  1\$aMajkowski, Tina.$4ivr
=700  1\$aTownsend, Sarah.$4vdg
=710  2\$aDancing Earth.$4ive
=710  2\$aHemispheric Institute of Performance and Politics.$4pro
=710  2\$aUniversidade Federal de Minas Gerais.$4pro
=710  2\$aHemispheric Institute Digital Video Library.
=711  2\$aHemispheric Institute Encuentro$n(5th :$d2005 :$cBelo Horizonte, Brazil).$tPerforming heritage : contemporary indigenous and community-based practices.
=856  40$uhttp://hdl.handle.net/2333.1/n8pk0pcd

