=LDR  03412cgm a22006135a 4500
=001  000506894
=003  NNU
=004  NYUb13494891
=005  20080219133308.0
=006  m\\\\\\\\z\\\\\\\\
=007  vd\cvaizu
=007  vf\ciahou
=007  cr\cna
=007  cr\|||||||||||
=008  070508s20050606nyu029\\\\\\\\\\\\vleng\d
=024  7\$aHI2006_069_01$2nyu-hidvl
=024  7\$aHI2006.069_01$2nyu-hidvl
=040  \\$aNNU$cNNU$eamim
=245  00$aInterview with Drew Hayden Taylor$h[videorecording].
=246  3\$aInterview with Drew Hayden Taylor (Ojibway)
=246  30$aDrew Hayden Taylor
=260  \\$c2005 June 6.
=300  \\$3master.$a1 videocassette of 1 (Digital Betacam) (29 min.) :$bsd., col. ;$c1/2 in.
=300  \\$3viewing copy.$a1 videodisc of 1 (DVD) (29 min.) :$bsd., col. ;$c4 3/4 in.
=490  1\$aHemispheric Institute featured interviews
=530  \\$aAlso available online as streaming video.
=500  \\$aTitle supplied by Hemispheric Institute.
=500  \\$aPart of the Hemispheric Institute Digital Video Library.
=534  \\$pMedia source original:$e1 videocassette of 1 (Mini DV) : sd., col. ; 1/4 in. SP.$mPanasonic DVM60.
=518  \\$aInterviewed in New York City on June 6, 2005.
=508  \\$aHemispheric Institute of Performance and Politics, producer ; Andrew McLean (Inupik), videographer.
=511  0\$aDrew Hayden Taylor (Ojibway), interviewee ; Raquel Chapa (Lipan Apache/Cherokee/Yaqui), interviewer.
=520  \\$aDrew Hayden Taylor (www.drewhaydentaylor.com) is an Ojibwa author, humorist and playwright from Curve Lake Reserve Ontario, Canada. In this interview, Taylor talks about his use of humor, the way he feels about using Native issues in his work, and they way his work is received in different communities. He also addresses writing from an Aboriginal perspective for a broader non-Native audience. By analyzing the use of Native humor in his pieces, he breaks down the universal language of his plays. Within the larger context of Aboriginal Theater, Drew looks at the development of his works as an offshoot of the work of people such as Thompson Highway and feels that he is able to go beyond the early works in this area that are primarily dark and depressing. Finally, Taylor rhapsodizes about the future of Native Theater and the translation of the classics such as Chekhov into Aboriginal settings.
=540  \\$aThere are copyright restrictions on this collection. For more information, go to the online version of this video.
=600  10$aTaylor, Drew Hayden,$d1962-$vInterviews.
=650  \0$aIndian theater.
=650  \0$aCanadian literature$xIndian authors.
=650  \0$aOjibwa literature.
=653  \\$aNative theater
=653  \\$aNative American writers
=653  \\$aNative American literature
=655  \7$aInterview.$2nyu-hidvl
=700  1\$aTaylor, Drew Hayden,$d1962-$4ive
=700  1\$aChapa, Raquel.$4ivr
=700  1\$aMcLean, Andrew.$4vdg
=710  2\$aHemispheric Institute of Performance and Politics.$4pro
=710  2\$aHemispheric Institute Digital Video Library.
=830  \0$aHemispheric Institute featured interviews.
=856  40$uhttp://hdl.handle.net/2333.1/gb5mkm4s

