=LDR  03701ngm  2200421   4500
=001  004094010
=005  20150314085301.0
=006  m\\\\\\\\c\\\\\\\\
=007  cr\cna|||m|||a
=007  cr\|||||||||||
=008  150118s2005\\\\nyu017\\\\\\\\s\\\vlspa\d
=024  7\$aHI2013_053_01$2nyu-hidvl
=040  \\$aNNU$beng$cNNU
=041  0\$aspa$aeng
=245  00$aCry a la Jack$h[videorecording] /$cCarmelita Tropicana, creator.
=260  \\$c2005.
=300  \\$3viewing copy.$astreaming video (16 min., 19 sec.) :$bsd., col.
=490  1\$aCarmelita Tropicana Collection
=500  \\$aTitle supplied by the Hemispheric Institute.
=500  \\$aPart of the Hemispheric Institute Digital Video Library.
=518  \\$aPerformed at the Grimm Rosenfeld Gallery, NYC in 2005.
=520  \\$aAlina Troyano (a.k.a.Carmelita Tropicana) is a Cuban-born performance artist, playwright, and actor who has presented work internationally, from el Museo del Barrio in NYC to Hebbel am Ufer in Berlin. Her book, ‘I, Carmelita Tropicana: Performing Between Cultures’ includes plays, monologues, performance art pieces, and short stories. In Tropicana’s work humor and fantasy become subversive tools to rewrite history. Tropicana’s performances plays and videos have been presented at venues such as the Institute of Contemporary Art in London, Hebbel Am Ufer in Berlin, Centre de Cultura Contemporanea in Barcelona, the Berlin International Film Festival, the New Museum of Contemporary Art in New York, the Mark Taper Forum’s Kirk Douglas Theater in Los Angeles, and El Museo del Barrio in New York. She has received numerous awards including the prestigious Anonymous Was a Woman and fellowships from the New York Foundation for the Arts as well as an Obie for Sustained Excellence in Performance.
=520  \\$aThis is a video documentation of a performance by/for an intimate audience, marked by conversational and relational interactions. ‘Cry a la Jack’ is a performance/homage to queer experimental filmmaker Jack Smith. Carmelita Tropicana explains to the audience how she became a performance artist, and she offers her ‘performance art manifesto’ and her definition of performance art: ‘Performance art just changes your perception. Objects that you thought are no longer the same objects.’ Bringing together the body and life and death, she remembers Jack Smith’s presence everywhere, and thanks him for making her "the ‘thesbian’ that I am today." Remembering that Jack prompted her to cry on stage, she cuts an onion to provoke tears. She asks audience members to take a whiff of the onion and asks what would they cry about. She finally burst into song remembering Jack and, in doing so, bringing his presence close to her: ‘You light up my days and fill my life with sun...it can’t be wrong when it feels so right...you, you, you, Jack, light up my life.’
=534  \\$pMedia source original:$e1 videocassette (VHS) : sd., col. ; 1/2 in. SP.$mE165G520P T-90 STD
=540  \\$aThere are copyright restrictions on this collection. For more information, go to the online version of this video.
=546  \\$aIn Spanish and English.
=600  10$aSmith, Jack,$d1932-1989.
=600  10$aTropicana, Carmelita.
=650  \0$aSexual minority community.
=650  \0$aWomen in the performing arts.
=650  \0$aPerformance art$xPolitical aspects.
=653  \\$aDeath and remembrance.
=655  \7$aPerformance.$2nyu-hidvl
=700  1\$aTropicana, Carmelita.
=710  2\$aHemispheric Institute Digital Video Library.
=830  \0$aCarmelita Tropicana Collection.
=856  40$uhttp://hdl.handle.net/2333.1/sn02v98g

