=LDR  03760cgm a22006015a 4500
=001  000512601
=003  NNU
=004  NYUb13501085
=005  20090409170828.0
=006  m\\\\\\\\z\\\\\\\\
=007  vd\cvaizu
=007  vf\ciahou
=007  cr\cna
=007  cr\|||||||||||
=008  070531e20050312bl\032\\\\\\\\\\\\vlpor\d
=024  7\$aHI2006_154_01$2nyu-hidvl
=024  7\$aHI2006.154_01$2nyu-hidvl
=035  \\$a(NYU)NYUb13501085
=040  \\$aNNU$cNNU$eamim
=041  0\$apor
=043  \\$as-bl---
=245  00$aInterview with Megaron Txucaramãe$h[videorecording].
=246  30$aMegaron Txucaramãe
=260  \\$c2005 Mar. 12.
=300  \\$3master.$a1 videocassette of 1 (Digital Betacam) (32 min.) :$bsd., col. ;$c1/2 in.
=300  \\$3viewing copy.$a1 videodisc of 1 (DVD) (32 min.) :$bsd., col. ;$c4 3/4 in.
=530  \\$aAlso available online as streaming video.
=546  \\$aIn Portuguese.
=500  \\$aTitle supplied by Hemispheric Institute.
=500  \\$aPart of the Hemispheric Institute Digital Video Library.
=534  \\$pMedia source original:$e1 videocassette of 1 (Mini DV) : sd., col. ; 1/4 in. SP.$mPanasonic DVM60.
=518  \\$aInterviewed in Belo Horizonte, Brazil, on Mar. 12, 2005.
=508  \\$aHemispheric Institute of Performance and Politics, producer ; Universidade Federal de Minas Gerais (UFMG), producer.
=511  0\$aMegaron Txucaramãe, interviewee ; Terence Turner, interviewer.
=520  \\$aMegaron Txucaramãe, (leader of the Mebêngôkre/Kaiapó) is one of the most important native leaders in Brazil, with outstanding performance on behalf of his people, Mekragnotire, and of other Brazilian native people. Working at Funai, he acted in Contact Fronts of the Ikpeng and Panará People. In 1984 he took part in the setting of the land boundaries of the Native Land Kapôt - Jarina and, in 1992/1993, of the Native Land Mekragnotire. He was a FUNAI supervisor of the Parque Indígena do Xingu (Xingu Indians Park) from 1984 to 1994 and has been the director of Funai - Colíder/MT since 1995. He is also a founder member of the Associação Ipren-re de Defesa do Povo Mebêngôkre (Ipren-re Association for the Mebêngôkre People) since 1993. In this interview, conducted at the Hemispheric Institute's 5th Encuentro (Belo Horizonte, Brazil, 2005, http://hemi.nyu.edu/eng/seminar/brazil2005), he talks about Kaiapó cultural practices and traditions, as well as their current situation in contemporary Brazilian geopolitics. He also comments on his people's participation in the Encuentro, titled 'Performing Heritage: Contemporary Indigenous and Community-Based Practices', where Megaron also delivered a keynote address titled 'The Indigenous Question in Brazil.'
=540  \\$aThere are copyright restrictions on this collection. For more information, go to the online version of this video.
=600  10$aTxucaramãe, Megaron$vInterviews.
=650  \0$aCayapo Indians$zBrazil.
=650  \0$aIndigenous peoples$zBrazil.
=653  \\$aKaiapó
=653  \\$aMekragnotire
=655  \7$aInterview.$2nyu-hidvl
=700  1\$aTxucaramãe, Megaron.$4ive
=700  1\$aTurner, Terence.$4ivr
=710  2\$aHemispheric Institute of Performance and Politics.$4pro
=710  2\$aUniversidade Federal de Minas Gerais.$4pro
=710  2\$aHemispheric Institute Digital Video Library.
=711  2\$aHemispheric Institute Encuentro$n(5th :$d2005 :$cBelo Horizonte, Brazil).$tPerforming heritage : contemporary indigenous and community-based practices.
=856  40$uhttp://hdl.handle.net/2333.1/8cz8w9qf

