=LDR  04755cgm a22007095a 4500
=001  000513598
=003  NNU
=004  NYUb13502273
=005  20090409170823.0
=006  m\\\\\\\\z\\\\\\\\
=007  vd\cvaizu
=007  vf\ciahou
=007  cr\cna
=007  cr\|||||||||||
=007  vd\cvaizu
=008  070605e20050311bl\069\\\\\\\\\\\\vlpor\d
=024  7\$aHI2007_009_01$2nyu-hidvl
=024  7\$aHI2007_010_01$2nyu-hidvl
=024  7\$aHI2007.009_01$2nyu-hidvl
=024  7\$aHI2007.010_01$2nyu-hidvl
=035  \\$a(NYU)NYUb13502273
=040  \\$aNNU$cNNU$eamim
=041  1\$apor$asai
=043  \\$as-bl---
=245  02$aA questão indígena no Brasil$h[videorecording].
=246  31$aIndigenous question in Brazil
=260  \\$c2005 Mar. 11.
=300  \\$3master.$a2 videocassettes of 2 (Digital Betacam) (69 min.) :$bsd., col. ;$c1/2 in.
=300  \\$3viewing copy.$a2 videodiscs of 2 (DVD) (69 min. : pt.1, 61 min. ; pt.2, 8 min.) :$bsd., col. ;$c4 3/4 in.
=530  \\$aAlso available online as streaming video.
=546  \\$aIn Portuguese and Kaiapó.
=500  \\$aTitle supplied by Hemispheric Institute.
=500  \\$aPart of the Hemispheric Institute Digital Video Library.
=534  \\$pMedia source original:$e2 videocassettes of 2 (Mini DV) : sd., col. ; 1/4 in. SP.$mPanasonic DVM60.
=518  \\$aAddress delivered on Mar. 11, 2005, as part of the Hemispheric Institute's 5th Encuentro in Belo Horizonte, Brazil.
=508  \\$aHemispheric Institute of Performance and Politics, producer ; Universidade Federal de Minas Gerais (UFMG), producer.
=511  0\$aMegaron Txucaramãe, keynote speaker ; Ailton Krenak, introducer ; Terence Turner, introducer & translator.
=520  \\$aMegaron Txucaramãe, (leader of the Mebêngôkre/Kaiapó) is one of the most important native leaders in Brazil, with outstanding performance on behalf of his people, Mekragnotire, and of other Brazilian native people. Working at FUNAI, he acted in Contact Fronts of the Ikpeng and Panará People. In 1984 he took part in the setting of the land boundaries of the Native Land Kapôt - Jarina and, in 1992/1993, of the Native Land Mekragnotire. He was a FUNAI supervisor of the Parque Indígena do Xingu (Xingu Indians Park) from 1984 to 1994 and has been the director of FUNAI - Colíder/MT since 1995. He is also a founder member of the Associação Ipren-re de Defesa do Povo Mebêngôkre (Ipren-re Association for the Mebêngôkre People) since 1993. In this keynote address, delivered as a part of the Hemispheric Institute's 5th Encuentro (Belo Horizonte, Brazil, 2005 http://hemi.nyu.edu/eng/seminar/brazil2005) titled Performing Heritage: Contemporary Indigenous and Community-Based Practices, Megaron talks about Kaiapó cultural practices and traditions, their sense of community, as well as their current situation in contemporary Brazilian geopolitics. The leader discusses the hardships endured by his people, as well as their efforts to safeguard their particular cultural heritage and practices in the face of political pressures to integrate them into a homogeneous, uniform Brazilian culture. Speaking mainly in his native Kaiapó language, he is introduced by fellow native leader Ailton Krenak, creator and director of the Centro de Pesquisa Indígena and Núcleo de Direitos Indígenas (Native Research Centre and Centre of Native Rights) and translated into Portuguese by Terence Turner, Professor of Anthropology at Cornell University who has worked with the Kayapó of Central Brazil since 1962.
=540  \\$aThere are copyright restrictions on this collection. For more information, go to the online version of this video.
=600  10$aTxucaramãe, Megaron.
=650  \0$aCayapo Indians$zBrazil.
=650  \0$aIndigenous peoples$zBrazil.
=650  \0$aCultural property$zBrazil.
=653  \\$aKaiapó
=653  \\$aMekragnotire
=653  \\$aCultural heritage
=655  \7$aKeynote addresses.$2nyu-hidvl
=655  \7$aSpeeches.$2aat
=700  1\$aTxucaramãe, Megaron.$4spk
=700  1\$aTurner, Terrence.$4trl
=710  2\$aHemispheric Institute of Performance and Politics.$4pro
=710  2\$aUniversidade Federal de Minas Gerais.$4pro
=710  2\$aHemispheric Institute Digital Video Library.
=711  2\$aHemispheric Institute Encuentro$n(5th :$d2005 :$cBelo Horizonte, Brazil).$tPerforming heritage : contemporary indigenous and community-based practices.
=856  40$uhttp://hdl.handle.net/2333.1/zw3r22kz
=853  00$81$apt.
=863  50$81.1$a1$p31142045843821
=863  50$81.2$a2$p31142045843839

