=LDR  06279cga a2200745 a 4500
=001  000552482
=003  NNU
=004  NYUb13544569
=005  20080417144454.0
=006  m\\\\\\\\z\\\\\\\\
=007  vd\cvaizu
=007  vf\ciahou
=007  cr\cna
=007  \\vd
=007  cr\|||||||||||
=008  071016e20050627sp\079\\\\\\\\\\\\vlspa\d
=024  7\$aHI2007_204_01$2nyu-hidvl
=024  7\$aHI2007_205_01$2nyu-hidvl
=024  7\$aHI2007.204_01$2nyu-hidvl
=040  \\$aNNU$cNNU$eamim
=041  0\$aspa
=043  \\$as-ec---$as-ag---
=245  03$aLa razón blindada$h[videorecording].
=260  \\$c2005 June 27.
=300  \\$3master.$a2 videocassettes of 2 (Digital Betacam) (79 min.) :$bsd., col. ;$c1/2 in.
=300  \\$3viewing copy.$a2 videodiscs of 2 (DVD) (79 min. : pt.1, 42 min. ; pt.2, 37 min.) :$bsd., col. ;$c4 3/4 in.
=490  1\$aMalayerba collection
=530  \\$aAlso available online as streaming video.
=546  \\$aIn Spanish.
=500  \\$aTitle supplied by Hemispheric Institute.
=500  \\$aPart of the Hemispheric Institute Digital Video Library.
=534  \\$pMedia source original:$e2 videocassettes of 2 (Mini DV) : sd., col. ; 1/4 in. SP.$mPanasonic DVM60.
=518  \\$aPerformed at Casa de América, Madrid, Spain, on June 27, 2005; recorded in the context of the Festival de Teatro 'El Quijote' en Iberoamérica.
=508  \\$aGrupo de Teatro Malayerba, producer ; Arístides Vargas, writer, director ; José Rosales, costumes ; Grupo Malayerba, set design ; Elena Navarrete, music & lighting ; Unidad de Audiovisuales del Centro de Tecnología del Espectáculo, recording.
=511  1\$aGerson Guerra, Arístides Vargas.
=520  \\$a'La razón blindada' is based on the classic novel 'El Quijote' by Miguel de Cervantes, Franz Kafka's 'The Truth about Sancho Panza,' and testimonies by Chicho Vargas and other political prisoners held in the 1970's at the Rawson Prison during Argentina's dictatorship. In the play, two political prisoners, oppressed by physical and emotional abuse, find solace in meeting every Sunday at dusk to tell the story of Don Quixote and Sancho Panza. Their storytelling unravels amidst the extreme limitations imposed by their condition of inmates in a maximum security prison. It is fueled by the vital need to tell each other a story that could save them, that could transport them to a human adventure situated in the realm of imagination, where hardship and fear can't reach them, where the most intense pain can be mitigated by the act of imagining a different reality. In this way, they continuously reinvent Don Quixote, the knight-errant who constantly takes windmills for giants, withered women for maidens, and prisons for paradises, a character who exiles himself in insanity, that strange state of harmless straggle, an oblique strategy for survival. The Grupo de Teatro Malayerba (teatromalayerba.org) was founded in Quito in 1979 by Arístides Vargas, Susana Pautasso and María del Rosario 'Charo' Francés, immigrant actors originally from Argentina and Spain. From the start, Malayerba included actors with various backgrounds and nationalities, invested in the exploration of the rich cultural diversity and complex history of Ecuador, as well as issues of migration, exile, political violence and individual and collective memory. With over 25 years of ongoing theater practice and more than 20 plays performed locally and internationally for a diverse audience, Malayerba is committed to theater pedagogy and experimentation, artistic collaboration, and community building. They have represented Ecuador in national and international theater festivals; they have also collaborated with theater groups within Ecuador and in other countries, and performed for both film and television, while engaging in community work in Quito. In 1989 the group created the Laboratorio Malayerba, committed to the training of generations of young Ecuadorian actors and to an ongoing investigation of theories and practices of experimental theater. In 2001 Malayerba launched the theater journal 'Hoja de Teatro,' conceived as a forum for the theorization, criticism and dissemination of Ecuadorian theater practices. The group also runs a theater house, the Casa Malayerba, which houses the Laboratory as well as a theater with seating capacity for seventy people. Malayerba approaches theater making as an artistic, ethical and technical realm where to engage in meaningful creative experiences through which to understand, assume and confront current sociopolitical processes. In working together, actors with various backgrounds and nationalities have shown that a multicultural blend is not only possible but also enriching, as differences lead to new identities, embodiments of dreams, memories, absences and pains that are at once local and universal.
=540  \\$aThere are copyright restrictions on this collection. For more information, go to the online version of this video.
=600  10$aCervantes Saavedra, Miguel de,$d1547-1616.$tDon Quixote$vAdaptations.
=600  10$aKafka, Franz,$d1883-1924.$tTruth about Sancho Panza$vAdaptations.
=650  \0$aDon Quixote (Fictitious character)
=650  \0$aPanza, Sancho (Fictitious character)
=650  \0$aPolitical prisoners$zArgentina.
=650  \0$aPolitical persecution$zArgentina.
=650  \0$aTheater$zEcuador.
=650  \0$aExperimental theater$zEcuador.
=655  \7$aPerformance.$2nyu-hidvl
=655  \7$aTheater.$2nyu-hidvl
=655  \7$aExperimental theater.$2nyu-hidvl
=655  \7$aEcuadorian theater.$2nyu-hidvl
=655  \7$aLatin American theater.$2nyu-hidvl
=700  1\$aVargas, Arístides,$d1954-$4aut$4drt$4prf
=700  1\$aGuerra, Gerson.$4prf
=710  2\$aGrupo de Teatro Malayerba.$4pro$4std
=710  2\$aHemispheric Institute Digital Video Library.
=830  \0$aMalayerba collection.
=853  00$81$apt.
=863  50$81.1$a1$p31142046966373
=863  50$81.2$a2$p31142046966365
=856  40$uhttp://hdl.handle.net/2333.1/nk98sfkm
=954  \\$81$aVolumes

