=LDR  04027cgm  2200769 a 4500
=001  000557597
=003  NNU
=004  NYUb13550161
=005  20090409170833.0
=006  m\\\\\\\\z\\\\\\\\
=007  vd\cvaizu
=007  vf\ciahou
=007  cr\cna
=007  \\vd
=007  cr\|||||||||||
=008  071107e20050312bl\109\\\\\\\\\\\\vleng\d
=024  7\$aHI2005_082_01$2nyu-hidvl
=024  7\$aHI2005_083_01$2nyu-hidvl
=024  7\$aHI2005.082_01$2nyu-hidvl
=035  \\$a(NYU)NYUb13550161
=040  \\$aNNU$cNNU$eamim
=041  0\$aeng$aypk
=043  \\$an-us-ak
=245  00$aPamyua in concert$h[videorecording]
=246  3\$aPamyua :$bYup'ik tribal funk from Alaska
=260  \\$c2005 Mar. 12.
=300  \\$a2 videocassettes of 2 (Digital Betacam) (109 min.) :$bsd., col. ;$c1/2 in.$3master.
=300  \\$a2 videodiscs of 2 (DVD) (109 min. : pt.1, 58 min. ; pt.2, 51 min.) :$bsd., col. ;$c4 3/4 in.$3viewing copy.
=530  \\$aAlso available online as streaming video.
=546  \\$aIn English and Yup'ik
=500  \\$aTitle supplied by Hemispheric Institute.
=500  \\$aPart of the Hemispheric Institute Digital Video Library.
=534  \\$pMedia source original:$e2 videocassettes of 2 (Mini DV) : sd., col. ; 1/4 in. SP.$mPanasonic Mini DVM60.
=518  \\$aPerformed at Teatro Francisco Nunes on Mar. 12, 2005, as part of the Hemispheric Institute's 5th Encuentro in Belo Horizonte, Brazil, entitled Performing Heritage: Contemporary Indigenous and Community-Based Practices.
=508  \\$aHemispheric Institute, producer ; Universidade Federal de Minas Gerais, producer ; Pamyua, creator.
=511  0\$aPhillip Blanchett, Stephen Blanchett, Karina Moeller, Phillip 'Ossie' Kairaiuak, singers ; Sune Salminen, Kristoffer Jul Reenberg, Nikolaj Pals Frandsen, musicians.
=520  \\$aAlaska's performance group Pamyua reinterprets modern traditions of the Inuit and Yup'ik Eskimo through storytelling, music and dance. Pamyua performs Yup'ik storydances that refect the traditions of Yup'ik culture in Southwestern Alaska. The quartet also harmonizes ancient and original music that redefines the boundaries of Inuit expression. Pamyua mixes R&B, jazz, funk and world music to create a unique new native style of 'Tribal Funk'. This concert was performed at the Francisco Nunes theater in Belo Horizonte, Brazil, as a part of the 5th Encuentro of the Hemispheric Institute of Performance and Politics, titled Performing Heritage: Contemporary Indigenous and Community-Based Practices (http://hemisphericinstitute.org/eng/seminar/brazil2005/index.html).
=540  \\$aThere are copyright restrictions on this collection. For more information, go to the online version of this video.
=610  20$aPamyua (Musical group)
=650  \0$aInuit$vMusic.
=650  \0$aInuit$zAlaska.
=650  \0$aMusic$zAlaska.
=650  \0$aYupik dance$zAlaska.
=650  \0$aDance$zAlaska.
=650  \0$aFunk (Music)$zAlaska.
=650  \0$aYupik Eskimos$zAlaska.
=650  \0$aIndians of North America$vMusic.
=655  \7$aPerformance.$2nyu-hidvl
=655  \7$aConcert.$2nyu-hidvl
=655  \7$aInuit music.$2nyu-hidvl
=655  \7$aYupik Eskimo dance.$2nyu-hidvl
=655  \7$aTribal funk.$2nyu-hidvl
=655  \7$aNative American music.$2nyu-hidvl
=710  2\$aPamyua (Musical group)
=710  2\$aUniversidade Federal de Minas Gerais.
=710  2\$aHemispheric Institute of Performance and Politics.
=710  2\$aHemispheric Institute Digital Video Library.
=711  2\$aHemispheric Institute Encuentro$n(5th :$d2005 :$cBelo Horizonte, Brazil).$tPerforming heritage : contemporary indigenous and community-based practices.
=853  00$81$apt.
=863  50$81.1$a1$p31142046117050
=863  50$81.2$a2$p31142046121680
=856  40$uhttp://hdl.handle.net/2333.1/w3r228b2
=954  \\$81$aVolumes

