=LDR  03705cgm  2200601 a 4500
=001  000558087
=003  NNU
=004  NYUb13550665
=005  20090409170839.0
=006  m\\\\\\\\z\\\\\\\\
=007  vd\cvaizu
=007  vf\ciahou
=007  cr\cna
=007  cr\|||||||||||
=008  071107e20050311bl\016\\\\\\\\\\\\vlmul\d
=024  7\$aHI2005_093_01$2nyu-hidvl
=024  7\$aHI2005.093_01$2nyu-hidvl
=035  \\$a(NYU)NYUb13550665
=040  \\$aNNU$cNNU$eamim
=041  0\$aeng$apor$aspa
=245  00$aWelcome ritual for the Hemispheric Institute's 5th Encuentro$h[videorecording].
=246  3\$aWelcome ritual for the Hemispheric Institute's Fifth Encuentro
=260  \\$c2005 Mar. 11.
=300  \\$a1 videocassette of 1 (Digital Betacam) (16 min.) :$bsd., col. ;$c1/2 in.$3master.
=300  \\$a1 videodisc of 1 (DVD) (16 min.) :$bsd., col. ;$c4 3/4 in.$3viewing copy.
=530  \\$aAlso available online as streaming video.
=546  \\$aIn English, Portuguese, and Spanish.
=500  \\$aTitle supplied by Hemispheric Institute.
=500  \\$aPart of the Hemispheric Institute Digital Video Library.
=534  \\$pMedia source original:$e1 videocassette of 1 (Mini DV) : sd., col. ; 1/4 in. SP.$mPanasonic Mini DV DVM60.
=518  \\$aPerformed at Universidade Federal de Minas Gerais on Mar. 11, 2005, as part of the Hemispheric Institute's 5th Encuentro in Belo Horizonte, Brazil, entitled Performing Heritage: Contemporary Indigenous and Community-Based Practices.
=508  \\$aHemispheric Institute, producer ; Universidade Federal de Minas Gerais, producer.
=511  0\$aLeda Martins, presenter ; Diana Taylor, presenter/translator ; Maxakalí/Maxacalí, participants ; Kaiapó/Kayapó/Mebengokré, participants ; Encuentro participants, participants.
=500  \\$aPartway through DVD, screen will be blacked-out for approximately one minute while a participant performs a traditional Native American song that, due to its sacred nature, cannot be broadcast or displayed.
=520  \\$aAt the opening for the 5th Encuentro of the Hemispheric Institute, held in Belo Horizonte, Brazil and titled Performing Heritage: Contemporary Indigenous and Community-Based Practices (http://hemisphericinstitute.org/eng/seminar/brazil2005/index.html), participants were welcomed with traditional songs performed by two indigenous Brazilian groups: the Maxakalí (or Maxacalí) from Minas Gerais, and the Kayapó (or Kaiapó / Mebengokré) from Mato Grosso. In turn, indigenous participants from all over the Americas thanked them for welcoming them to their land, sharing a few words and/or songs to kick off the ten-day event.
=540  \\$aThere are copyright restrictions on this collection. For more information, go to the online version of this video.
=650  \0$aIndigenous peoples$xSocial life and customs.
=650  \0$aIndigenous peoples$vMusic.
=650  \0$aRitual.
=650  \0$aMasacali Indians$vMusic.
=650  \0$aCayapo Indians$vMusic.
=655  \7$aPerformance.$2nyu-hidvl
=655  \7$aIndigenous performance.$2nyu-hidvl
=655  \7$aWelcome ritual.$2nyu-hidvl
=710  2\$aUniversidade Federal de Minas Gerais.
=710  2\$aHemispheric Institute of Performance and Politics.
=710  2\$aHemispheric Institute Digital Video Library.
=711  2\$aHemispheric Institute Encuentro$n(5th :$d2005 :$cBelo Horizonte, Brazil).$tPerforming heritage : contemporary indigenous and community-based practices.
=856  40$uhttp://hdl.handle.net/2333.1/zw3r22m6

