=LDR  04763cgm a22006015a 4500
=001  000512472
=003  NNU
=004  NYUb13500948
=005  20140311093159.0
=006  m\\\\\\\\z\\\\\\\\
=007  vd\cvaizu
=007  vf\ciahou
=007  cr\cna
=007  cr\|||||||||||
=008  070531s2006\\\\ck\063\\\\\\\\\\\\vlspa\d
=024  7\$aHI2006_151_01$2nyu-hidvl
=024  7\$aHI2006.151_01$2nyu-hidvl
=040  \\$aNNU$cNNU$eamim
=041  0\$aspa
=043  \\$as-ck---
=245  00$aAntígona$h[videorecording] /$cwritten and directed by Patricia Ariza.
=260  \\$c2006.
=300  \\$3master.$a1 videocassette of 1 (Digital Betacam) (63 min.) :$bsd., col. ;$c1/2 in.
=300  \\$3viewing copy.$a1 videodisc of 1 (DVD) (63 min.) :$bsd., col. ;$c4 3/4 in.
=490  1\$aTeatro La Candelaria collection
=530  \\$aAlso available online as streaming video.
=546  \\$aIn Spanish.
=500  \\$aTitle supplied by Hemispheric Institute.
=500  \\$aPart of the Hemispheric Institute Digital Video Library.
=534  \\$pMedia source original:$e1 videocassette of 1 (Mini DV) : sd., col. ; 1/4 in. SP.$mPanasonic DVM60.
=518  \\$aPerformed at Teatro La Candelaria, Bogotá, Colombia, in 2006.
=508  \\$aPatricia Ariza, writer, director ; Teatro La Candelaria, producer ; Libardo Flórez, musical concept ; Santiago García, set design ; Diana Casas, choreography & movement consultant ; Eunice García, Paula Tovar, costume design ; Jaime Niño, masks & scale model ; Jorge Ardila, Carlos Robledo, sets ; Marina Vergara, Gladys Lizca, costumes ; Santiago García, Carlos Robledo, lighting.
=511  1\$aNohora Ayala, Fanny Baena, Shirley Martínez, Nohora González, Alexandra Escobar, Santiago García, Fabio Velasco, Libardo Florez, Rafael Giraldo, César Badillo, Carmiña Martínez, Adelaida Otálora, Fernando Mendoza, Edson Velandia (musician), Santiago Trujillo (musician).
=520  \\$aIn this rendition of the classic Greek tragedy, La Candelaria addresses once again the horrors of political and social violence in Colombian society. When Patricia Ariza visited Urabá, a region in Colombia, she talked to a group of women who could not bury their dead husbands, killed in the civil war. She connected this awful situation to the myth of Antigone and read it to the collective. This version of La Candelaria involves a series of transformations to the original myth. At the beginning, we see Tiresias walking around an empty space; taking the place of the chorus, he gives the audience the historical context, recounting background events that are important for a proper understanding of the play. The play presents three Antigones and two Ismenes who discuss the possibility of violating Creonte's rules in order to bury their brothers according to tradition. The discussion is thus polyphonic. La Candelaria was founded in 1966 by a group of independent artists and intellectuals who came from experimental theater and the broader Colombian cultural movement. Directed by Santiago García, La Candelaria (www.teatrolacandelaria.org.co) is one of Colombian theater's most innovative agents, modernizing national drama while addressing popular audiences. By means of an ongoing exploration of national folklore, situations and characters, they have created some of Colombia's most compelling plays, some of them through the method of 'creación colectiva' ('collective creation'), addressing the acute social and political problems of their society. At the same time, they fostered the creation of Corporación Colombiana del Teatro and have developed a number of theoretical works that reflect upon dramatic creation, its methods and languages. Still nowadays, La Candelaria is committed to repertoire, experimentation, and discussion as fundamental elements to artistic creation.
=540  \\$aThere are copyright restrictions on this collection. For more information, go to the online version of this video.
=650  \0$aTheater$zColombia.
=600  00$aAntigone$c(Mythological character)$vDrama.
=653  \\$aCreatión colectiva
=655  \7$aPerformance.$2nyu-hidvl
=655  \7$aTheater.$2nyu-hidvl
=655  \7$aCollective creation.$2nyu-hidvl
=655  \7$aColombian theater.$2nyu-hidvl
=700  1\$aAriza, Patricia.$4aut$4drt
=700  1\$aGarcía, Santiago.$4prf$4std
=710  2\$aGrupo La Candelaria.$4pro
=710  2\$aHemispheric Institute Digital Video Library.
=830  \0$aTeatro La Candelaria collection.
=856  40$uhttp://hdl.handle.net/2333.1/nk98sfjc

