=LDR  05691cgm a2200805 a 4500
=001  000031926
=003  NNU
=004  NYUb13610613
=005  20080503142700.0
=006  m\\\\\\\\z\\\\\\\\
=007  vd\cvaizu
=007  vf\ciahou
=007  cr\cna
=007  cr\|||||||||||
=008  080503e200604uuxx\095\\\\\\\\\\\\vleng\d
=024  7\$aHI2007_229_01$2nyu-hidvl
=024  7\$aHI2007_230_01$2nyu-hidvl
=024  7\$aHI2007.229_01$2nyu-hidvl
=035  \\$a(NYU)NYUb13610613
=040  \\$aNNU$cNNU$eamim
=041  0\$aeng$aspa
=043  \\$anwpr---$an-us-ny$an-us---
=079  \\$a(OCoLC)878606468
=245  00$aBetsy$h[videorecording].
=246  3\$a¡Bronxlive! presents Betsy
=260  \\$c2006 Apr.
=300  \\$3viewing copy.$a2 videodiscs of 2 (DVD) (95 min.: pt.1, 45 min. ; pt.2, 50 min.) :$bsd., col. ;$c4 3/4 in.
=300  \\$3master.$a2 videocassettes of 2 (Digital Betacam) (95 min.) :$bsd., col. ;$c1/2 in.
=490  1\$aTeatro Pregones collection
=530  \\$aAlso available online as streaming video.
=546  \\$aIn English and Spanish.
=500  \\$aTitle supplied by Hemispheric Institute.
=500  \\$aPart of the Hemispheric Institute Digital Video Library.
=534  \\$pMedia source original:$e2 videocassettes of 2 (Mini DV) : sd., col. ; 1/4 in. SP.$mSony DVM60.
=518  \\$aPerformed at Pregones Theater, The Bronx, New York City, in April, 2006. Filmed by Bronxnet as a part of its '¡Bronxlive!' series.
=508  \\$aPregones Theater, Roadside Theater, producers ; an original musical play by Roadside Theater in collaboration with Pregones Theater, creators ; Dudley Cocke, Rosalba Rolón, directors, dramaturgy ; Beegie Adair, Desmar Guevara, musical co-directors ; Ron Short, Beegie Adair, Desmar Guevara, music ; Ron Short, Dudley Cocke, Beegie Adair, book ; Regina García, set design ; Esteban Lima, lighting design ; Harry Nadal, costume design ; Jessica Moya, stage manager ; Flora Rodríguez, stage hand ; María Angélica Ayala, house manager ; Rosanna Alvarez, supertitles operator.
=511  1\$aConnye Florence, Elise Hernández, Ron Short ; Beggie Adair (musician), Waldo Chávez (musician), Alex García (musician), Desmar Guevara (musician), Roberto Rosario (musician).
=520  \\$a'Betsy' is an intercultural music play marking 10 years of partnership with the Appalachian artists of Roadside Theater (www.roadside.org). The story involves a Bronx born and bred Puerto Rican jazz singer who stirs up the little known history of her Scot-Irish ancestry. The production's musical team includes Nashville jazz legend Beegie Adair, Old Time master Ron Short, and Puerto Rican composer/pianist Desmar Guevara. Directors Dudley Cocke and Rosalba Rolón also share writing credits. 'Betsy' was previewed at the New Pregones Theater in May 2006. Here documented is the performance filmed by Bronxnet as a part of its '¡Bronxlive!' series. Founded in 1979 and based in The Bronx, New York City, Pregones Theater (http://www.pregones.org) has performed in more than 400 cities and 13 countries. The company enjoys citywide recognition for their lasting contributions to the performing arts field and are recipients of numerous distinctions including current Leading National Ensemble Theatre Designation from the Doris Duke Charitable Foundation and the Andrew W. Mellon Foundation, Primary Cultural Institution Designation from the New York State Council on the Arts, the New York State Governor's Arts Award, the Culture & Humanities Award from the Center for Puerto Rican Studies, numerous artist and production awards, as well as invitations to appear at international festivals and events. Over the years Pregones has developed a style that combines theater, music and movement, oral and written traditions, and a signature urban sensibility. The ensemble draws from popular Puerto Rican artistic expressions and literature to create and stage its work. Today, Pregones has grown to be one of the leading Puerto Rican/Latino theater theaters in the United States. From migrations to indigenous mythologies to subway stories, the company's repertoire covers a growing sample of Latino experiences and identities.
=540  \\$aThere are copyright restrictions on this collection. For more information, go to the online version of this video.
=650  \0$aTheater$zPuerto Rico.
=650  \0$aImmigrants.
=650  \0$aPuerto Ricans$zNew York (State)$zNew York.
=650  \0$aHispanic Americans$zNew York (State)$zNew York.
=651  \0$aUnited States$xEmigration and immigration.
=651  \0$aPuerto Rico$xEmigration and immigration.
=653  \\$aIntercultural musical theater
=655  \7$aPerformance.$2nyu-hidvl
=655  \7$aTheater.$2nyu-hidvl
=655  \7$aLatino theater.$2nyu-hidvl
=655  \7$aIntercultural musical theater.$2nyu-hidvl
=655  \7$aBilingual theater.$2nyu-hidvl
=655  \7$aPuerto Rican theater.$2nyu-hidvl
=700  1\$aCocke, Dudley.$4drt$4aut
=700  1\$aRolón, Rosalba.$4drt
=700  1\$aAdair, Beegie.$4mus$4drt$4aut
=700  1\$aGuevara, Desmar.$4mus$4drt
=700  1\$aShort, Ron.$4mus$4aut$4prf
=710  2\$aPregones Theatre (New York, N.Y.)$4pro$4cre
=710  2\$aRoadside Theater.$4pro$4cre
=710  2\$aHemispheric Institute Digital Video Library.
=830  \0$aTeatro Pregones collection
=856  40$uhttp://hdl.handle.net/2333.1/ncjsxm23
=853  00$81$apt.
=863  50$81.1$a1$p31142047316180
=863  50$81.2$a2$p31142047316172
=954  \\$81$aVolumes

