=LDR  04350cgm  22006615a 4500
=001  000507113
=003  NNU
=004  NYUb13495164
=005  20080509172842.0
=006  m\\\\\\\\z\\\\\\\\
=007  vd\cvaizu
=007  vf\ciahou
=007  cr\cna
=007  cr\|||||||||||
=008  070509e20060429nyu034\\\\\\\\\\\\vleng\d
=024  7\$aHI2006_080_01$2nyu-hidvl
=024  7\$aHI2006.080_01$2nyu-hidvl
=040  \\$aNNU$cNNU$eamim
=041  1\$aeng$aspa
=245  00$aCoatlicue Theater Company$h[videorecording] :$bHolding up the sky [excerpts].
=246  3\$aIndian Summer 2006 :$bCoatlicue Theater Company : Holding up the sky [excerpts]
=246  30$aHolding up the sky [excerpts]
=260  \\$c2006 Apr. 29.
=300  \\$a1 videocassette of 1 (Digital Betacam) (34 min.) :$bsd., col. ;$c1/2 in.$3master.
=300  \\$a1 videodisc of 1 (DVD) (34 min.) :$bsd., col. ;$c4 3/4 in.$3viewing copy.
=490  1\$aAmerican Indian Community House collection
=530  \\$aAlso available online as streaming video.
=546  \\$aIn English, with some Spanish and Spanglish.
=500  \\$aTitle supplied by Hemispheric Institute.
=500  \\$aPart of the Hemispheric Institute Digital Video Library.
=534  \\$pMedia source original:$e1 videocassette of 1 (Mini DV) : sd., col. ; 1/4 in. SP.$mSony DVM60.
=518  \\$aPerformed as part of Indian Summer 2006 at The Circle at AICH, New York City, on Apr. 29, 2006.
=508  \\$aAmerican Indian Community House, producer ; Rosemary Richmond, executive director ; Karen Oughtred, production manager ; Jim Cyrus, Performing Arts Dept. ; Coatlicue Theater Company, creator ; Federico Restrepo, light designer ; Carla Bosnjak, light technician ; Joseph Jeffers, sound technician ; Muriel Miguel, introducer.
=511  1\$aElvira Colorado, Hortencia Colorado.
=520  \\$aElvira and Hortencia Colorado, Chichimec Otomi storytellers, playwrights, performers and community activists, are founding members of Coatlicue Theatre Company. Recipients of the Ingrid Washinawatok Community Activism Award, they are also members of the Hemispheric Institute of Performance and Politics, Danza Celtiliztli Nauhcampa, the New York Zapatistas and the American Indian Community House. The company's plays and workshops address social, political, cultural and identity issues that impact their lives and their community. Coatlicue's work is based on stories they weave together, educating as well as entertaining while reaffirming their survival as urban Native American women. 'Holding Up the Sky' is a series of theater skits addressing issues of borders and immigration at work in indigenous communities, ranging from the grotesque to the poignant, from the deeply personal to global issues devastating their communities. Distinctive elements of this performance are the use of humor in storytelling and the participation of audience members to 'hold up the sky' as inspired by Mayan mythology. Muriel Miguel (Spiderwoman Theater) contextualizes this event by talking about Coatlicue's long relationship with the American Indian Community House (www.aich.org), and the fact that this 'Indian Summer' is the last series of performances at The Circle in the AICH's current location.
=540  \\$aThere are copyright restrictions on this collection. For more information, go to the online version of this video.
=650  \0$aIndigenous women.
=653  \\$aNative American theater
=653  \\$aNative performance
=653  \\$aIndigenous performance
=655  \7$aPerformance.$2nyu-hidvl
=655  \7$aTheater.$2nyu-hidvl
=655  \7$aNative performance.$2nyu-hidvl
=655  \7$aIndigenous performance.$2nyu-hidvl
=700  1\$aColorado, Elvira.$4prf
=700  1\$aColorado, Hortencia.$4prf
=700  1\$aRichmond, Rosemary.$4drt
=700  1\$aOughtred, Karen.$4pro
=710  2\$aCoatlicue Theater Company.$4cre
=710  2\$aAmerican Indian Community House (New York, N.Y.)$4pro
=710  2\$aHemispheric Institute Digital Video Library.
=830  \0$aAmerican Indian Community House collection.
=856  40$uhttp://hdl.handle.net/2333.1/pvmcvdwv

