=LDR  04040cgm  22006615a 4500
=001  000506717
=003  NNU
=004  NYUb13494697
=005  20080208180351.0
=006  m\\\\\\\\z\\\\\\\\
=007  vd\cvaizu
=007  vf\ciahou
=007  cr\cna
=007  cr\|||||||||||
=008  070508e200606uunyu044\\\\\\\\\\\\vleng\d
=024  7\$aHI2006_064_01$2nyu-hidvl
=024  7\$aHI2006.064_01$2nyu-hidvl
=040  \\$aNNU$cNNU$eamim
=043  \\$an-us---
=245  04$aThe idiot king$h[videorecording].
=260  \\$c2006 June.
=300  \\$a1 videocassette of 1 (Digital Betacam) (44 min.) :$bsd., col. ;$c1/2 in.$3master.
=300  \\$a1 videodisc of 1 (DVD) (44 min.) :$bsd., col. ;$c4 3/4 in.$3viewing copy.
=490  1\$aSusana Cook collection
=530  \\$aAlso available online as streaming video.
=500  \\$aTitle supplied by Hemispheric Institute.
=500  \\$aPart of the Hemispheric Institute Digital Video Library.
=534  \\$pMedia source original:$e1 videocassette of 1 (Mini DV) : sd., col. ; 1/4 in. SP.$mMaxell DVM60SE.
=518  \\$aPerformed at WOW Theater Café, New York City, in June 2006.
=508  \\$aSusana Cook, producer, writer, director ; Narren Henry, videographer ; Julian Mesri, original score.
=511  1\$aSusana Cook, Consuelo Arias, Lucy Mackinnon, Anni Amberg, Soraya Odishoo, Karen Jaime, Julian Mesri, Jennifer Fomore, Amanda Salane, Jose Maria Garcia Armenter.
=520  \\$aSusana Cook (www.susanacook.com) is a New York-based Argentinean theater and performance artist. Mainly directed to queer and Latino communities in New York City, Cook's work also encompasses a heated response to broader State policies that oppress communities defined in the intersection of race, gender, and class. In her shows, Cook parodies discourses of power, drawing attention to the close ties between the state, religious and political conservatism, and the military. Cook's plays usually feature all-women casts that defy the normative performance of gender, race, and sexuality. 'The Idiot King' was presented at WOW Café and at Dixon Place a week before the Senate of the United States discussed an amendment to the Constitution that would ban the marriage of gay and lesbian couples. The amendment didn't pass, but some conservative Republicans announced that they will restart the discussion after a month. 'The Idiot King' is about the Sanctity of Marriage and policy making. In the play the Idiot King and his Court discuss several issues affecting the world like Satan, global warming, the sanctity of marriage, abortion, and evil. The discussions are embedded within Christian religiosity, biased logic, and irony. The parody includes real quotes from some of the ruling discourse, making it difficult to tell them apart from the jokes.
=540  \\$aThere are copyright restrictions on this collection. For more information, go to the online version of this video.
=650  \0$aConservatism$zUnited States.
=650  \0$aChristian conservatism$zUnited States.
=650  \0$aReligious right$zUnited States.
=650  \0$aSame-sex marriage$zUnited States.
=650  \0$aIdentity (Psychology)
=651  \0$aUnited States$xPolitics and government.
=653  \\$aGay marriage
=653  \\$aIdentity politics
=653  \\$aPolitical performance
=655  \7$aPerformance.$2nyu-hidvl
=655  \7$aTheater.$2nyu-hidvl
=655  \7$aPolitical performance.$2nyu-hidvl
=655  \7$aFeminist performance.$2nyu-hidvl
=655  \7$aQueer/Gay/Lesbian performance.$2nyu-hidvl
=700  1\$aCook, Susana.$4pro$4aut$4drt$4prf
=700  1\$aHenry, Narren.$4vdg
=700  1\$aMesri, Julian.$4cmp$4prf
=710  2\$aHemispheric Institute Digital Video Library.
=830  \0$aSusana Cook collection.
=856  40$uhttp://hdl.handle.net/2333.1/44j0zpk4

