=LDR  05663cgm a2200577 a 4500
=001  003765774
=005  20140418144426.0
=006  m\\\\\\\\c\\\\\\\\
=007  cr\cna|||m|||a
=007  cr\|||||||||||
=008  130614s2006\\\\bl\374\\\\\\\\s\\\vlpor\d
=024  7\$aHI2011_023_A_01$2nyu-hidvl
=024  7\$aHI2011_023_B_01$2nyu-hidvl
=040  \\$aNNU$beng$cNNU
=041  0\$apor
=043  \\$as-bl---
=245  03$aOs Sertões$h[videorecording] :$ba luta II : do des-massacre ao reinício = Os Sertões : the struggle II : from de-massacre to restart /$cAssociação Teat(r)o Oficina Uzyna Uzona, Lucas Weglinski, Marcelo Drummond, producers ; José Celso Martinez Corrêa, Marcelo Drummond, Fernando Coimbra, Tommy Pietra, writers ; José Celso Martinez Corrêa, director.
=246  31$aOs Sertões :$bthe struggle II : from de-massacre to restart
=260  \\$c2006.
=300  \\$3viewing copy.$a1 streaming video (373 min., 8 sec.: 1st act, 211 min., 56 sec.; 2nd act, 161 min., 12 sec.) :$bsd., col.
=490  1\$aTeatro Oficina collection
=546  \\$aIn Portuguese.
=500  \\$aTitle supplied by Hemispheric Institute.
=500  \\$aPart of the Hemispheric Institute Digital Video Library.
=500  \\$aBased on the book, Os Sertões, by Euclides da Cunha.
=518  \\$aRecorded in São Paulo, Brazil, in 2006.
=508  \\$aEryk Rocha, Pedro Paulo Rocha, videographers ; Ava Gaitán Rocha, assistant director ; Fernanda Riscalli, Eryk Rocha, cinematographers ; Pedro Paulo Rocha, editor ; Camila Mota, co-director ; Catherine Hirsch, consultant.
=511  1\$aAdriana Viegas, Adriano Salhab, André Santana Lagartixa, Anna Guilhermina, Aury Porto, performers ; Camila Mota, Daniel Camilo, Danilo Tomic, Elenildo de Moura Uga, Fabianna Serroni, Félix Oliveira, Fernando Coimbra, performers ; Fioravante Almeida, Francisco Rodrigues Rato, Fransérgio Araújo, Frederick Steffen, Freddy Allan, Gabriel Fernandes, performers ; Guilherme Calzavara, Ito Alves, Juliane Elting, Karina Buhr, Letícia Coura, Lucas Weglinski, Luciana Domschke, performers ; Marcelo Drummond, Mariana de Moraes, Mariano Mattos Martins, Naomy Schölling, Otávio Ortega, performers ; Patrícia Aguille, Pedro Epifânio, Ricardo Bittencourt, Rodolfo Dias Paes (Dipa), Sálvio do Prado, performers ; Samuel de Assis, Sylvia Prado, Vera Barreto Leite, Wilson Feitosa Jr., Zé Celso, Zé de Paiva, performers ; Adriano Salhab, André Santana Lagartixa, Daniel Camilo, Danilo Tomic, Guilherme Calzavara, musicians ; Ito Alves, Karina Buhr, Letícia Coura, Otávio Ortega, Wilson Feitosa Jr., musicians.
=520  \\$aDedicated to 'all the power of the Un-massacre of Art and to the effects of the Trans-Human power of the Crowd,' the staging of the last part of the book deals with the fourth and last expedition by the Brazilian National Army to the Northeastern 'sertão.' 12 thousand soldiers, cannons, and modern weapons where deployed, together with modern strategists such as Marshal Bittencourt who, for the first time in the history of the Brazilian Army, established an operational base away from the front, from where he commanded the maneuvers that General Arthur Oscar and his deputy, the blood-thirsty General Barbosa, executed. The play shows the end of the War of Canudos, which resulted in the massacre of the sertanejos, the death of Antônio Conselheiro himself (who went to meet God), and the destruction of the citadel. In Teatro Oficina, the massacre is performed not as a mass for the repetition of the martyrdom, but from the perspective of an un-massacre. By exposing this closed abscess of Brazilian History in the Public Square of Theater, it wishes to lance it once and for all, to purge it from the everyday practice of Brazilian life. Canudos did not surrender, and Euclides da Cunha ends his book by reminding us that it is not one of defense, but of attack.
=520  \\$aFrom 2000 to 2007, Teat(r)o Oficina Uzyna Uzona worked on the staging of Euclides da Cunha's epic book, Os Sertões, which describes the 19th Century War of Canudos in the Brazilian 'sertão,' lead by Antônio Conselheiro. The final result was a pentalogy, formed by the plays A Terra (2002), O Homem I (2003), O Homem II (2003), A Luta I (2005), and A Luta II (2006), totalizing 27 hours of theater. Os Sertões reads the episodes of the war in light of past and present Brazilian history, and in relation to the struggle of the group against media mogul Sílvio Santos, who wanted to tear down the historic theater.
=534  \\$pMedia source original:$e1 digital video : sd., col.
=540  \\$aThere are copyright restrictions on this collection. For more information, go to the online version of this video.
=600  10$aCunha, Euclides da,$d1866-1909.$tSertões$vAdaptations.
=650  \0$aCannibalism$zBrazil$vDrama.
=650  \0$aNature$xEffect of human beings on$vDrama.
=650  \0$aTheater and society$zBrazil.
=651  \0$aCanudos (Euclides da Cunha, Brazil)
=651  \0$aBrazil$xHistory$yCanudos Campaign, 1893-1897$vDrama.
=655  \7$aPerformance.$2nyu-hidvl
=655  \7$aTheater.$2nyu-hidvl
=700  1\$aCorrea, José Celso Martinez.$4cre$4drt
=700  1\$aCoimbra, Fernando.$4cre
=700  1\$aPietra, Tommy.$4cre
=700  1\$aDrummond, Marcelo.$4cre$4pro
=700  1\$aWeglinski, Lucas.$4pro
=700  1\$aCunha, Euclides da,$d1866-1909.$tSertões.
=710  2\$aTeatro Oficina (São Paulo, Brazil)$4pro
=710  2\$aHemispheric Institute Digital Video Library.
=830  \0$aTeatro Oficina collection.
=856  40$uhttp://hdl.handle.net/2333.1/pg4f4sff

