=LDR  04163cgm a22006735a 4500
=001  000509522
=003  NNU
=004  NYUb13497741
=005  20080229175453.0
=006  m\\\\\\\\z\\\\\\\\
=007  vd\cvaizu
=007  vf\ciahou
=007  cr\cna
=007  cr\|||||||||||
=008  070517e20060831mx\060\\\\\\\\\\\\vlspa\d
=024  7\$aHI2006_107_01$2nyu-hidvl
=024  7\$aHI2006.107_01$2nyu-hidvl
=040  \\$aNNU$cNNU$eamim
=041  0\$aspa
=043  \\$an-mx---$acl-----
=245  03$aEl dueño de las mariposas$h[videorecording].
=260  \\$c2006 Aug. 31.
=300  \\$3master.$a1 videocassette of 1 (Digital Betacam) (60 min.) :$bsd., col. ;$c1/2 in.
=300  \\$3viewing copy.$a1 videodisc of 1 (DVD) (60 min.) :$bsd., col. ;$c4 3/4 in.
=490  1\$aFOMMA video collection
=530  \\$aAlso available online as streaming video.
=546  \\$aIn Spanish.
=500  \\$aTitle supplied by Hemispheric Institute.
=500  \\$aPart of the Hemispheric Institute Digital Video Library.
=534  \\$pMedia source original:$e1 videocassette of 1 (Mini DV) : sd., col. ; 1/4 in. SP.$mPanasonic DVM60.
=518  \\$aPerformed in San Cristóbal de las Casas, Chiapas, Mexico, on Aug. 31, 2006.
=508  \\$aFortaleza de la Mujer Maya (FOMMA), producer, writer ; Doris Difarnecio, director ; Isabel Juárez Espinosa, María Francisca Oseguera Cruz, Victoria Patishtan Gómez, María Pérez Sántiz, Petrona de la Cruz Cruz, collective creation.
=511  1\$aIsabel Juárez Espinosa, María Francisca Oseguera Cruz, Giovanni Arguedas (guest artist).
=520  \\$aFOMMA - Fortaleza de la Mujer Maya - is a collective of Mayan women who use theater as a tool for education and community building. Based in San Cristóbal de las Casas, Chiapas, Mexico, they are performers, playwrights, and teachers who tour their work in their communities and internationally, performing plays that focus on women's and indigenous rights, literacy, cultural survival, ecology, health, and education in the Tzeltal and Tzotzil indigenous languages. 'El Dueño de las Mariposas' tells the story of Chepe, an orphan predestined by his 'wayjel' - the hummingbird - to change the fate of the slaves suffering under the despotic rule of coffee plantation landowner Don Martín Contreras. The play exposes the dreadful life and work conditions of the 'cafetaleros' (coffee plantation workers), denouncing human right violations and demanding the observance of the fundamental rights of the individual. This piece is the result of a process of collective creation on the relationship between politics and the body; the resulting performance brings together symbols, characters and circumstances form the rich Mayan imaginary as well as from the everyday life conditions of indigenous peoples in Latin America, in intricate labyrinths of time, love, injustice, and freedom, an urgent call for inalienable human rights.
=540  \\$aThere are copyright restrictions on this collection. For more information, go to the online version of this video.
=650  \0$aTheater$zMexico.
=650  \0$aCoffee plantation workers$zLatin America.
=650  \0$aHuman rights advocacy$zLatin America.
=650  \0$aMaya artists$zMexico$zChiapas.
=653  \\$aIndigenous theater
=655  \7$aPerformance.$2nyu-hidvl
=655  \7$aTheater.$2nyu-hidvl
=655  \7$aCommunity theater.$2nyu-hidvl
=655  \7$aIndigenous theater.$2nyu-hidvl
=655  \7$aNative women's theater.$2nyu-hidvl
=655  \7$aMexican theater.$2nyu-hidvl
=700  1\$aDifarnecio, Doris.$4drt
=700  1\$aJuárez Espinosa, Isabel,$d1958-$4prf
=700  1\$aOseguera Cruz, María Francisca.$4prf
=700  1\$aArguedas, Giovanni.$4art
=710  2\$aFortaleza de la Mujer Maya (Organization)$4aut$4pro
=710  2\$aHemispheric Institute Digital Video Library.
=830  \0$aFOMMA video collection.
=856  40$uhttp://hdl.handle.net/2333.1/g79cnpfz

