=LDR  03788cgm  22006255a 4500
=001  000509014
=003  NNU
=004  NYUb13497194
=005  20100302110920.0
=006  m\\\\\\\\z\\\\\\\\
=007  vd\cvaizu
=007  vf\ciahou
=007  cr\cna
=007  cr\|||||||||||
=008  070515e20060505nyu019\\\\\\\\\\\\vleng\d
=024  7\$aHI2006_081_01$2nyu-hidvl
=024  7\$aHI2006.081_01$2nyu-hidvl
=040  \\$aNNU$cNNU$eamim
=245  00$aIndian Summer 2006$h[videorecording] :$bDawn Dumont.
=246  30$aDawn Dumont
=260  \\$c2006 May 5.
=300  \\$a1 videocassette of 1 (Digital Betacam) (19 min.) :$bsd., col. ;$c1/2 in.$3master.
=300  \\$a1 videodisc of 1 (DVD) (19 min.) :$bsd., col. ;$c4 3/4 in.$3viewing copy.
=490  1\$aAmerican Indian Community House collection
=530  \\$aAlso available online as streaming video.
=500  \\$aTitle supplied by Hemispheric Institute.
=500  \\$aPart of the Hemispheric Institute Digital Video Library.
=534  \\$pMedia source original:$e1 videocassette of 1 (Mini DV) : sd., col. ; 1/4 in. SP.$mPanasonic DVM80.
=518  \\$aPerformed as part of Indian Summer 2006 in The Circle at AICH, New York City, on May 5, 2006.
=508  \\$aAmerican Indian Community House, producer ; Dawn Dumont, creator ; Rosemary Richmond, executive director ; Karen Oughtred, production manager ; Jim Cyrus & Jesse Cooday, Performing Arts Dept. ; Federico Restrepo, light designer ; Carla Bosnjak, light technician ; Joseph Jeffers, sound technician ; Robert Fisher, videographer ; Jesse Primeau, videographer.
=511  1\$aDawn Dumont.
=520  \\$aComedian and actress Dawn Dumont has performed at comedy clubs across North America including the New York's Comic Strip, New York Comedy Club and the Improv. She began her comedy career in Canada on stages such as Yuk Yuks and the Laugh Resort. Dawn is also a comedy writer and has written for the stage, radio, film and television; her work has been featured on APTN's Buffalo Tracks and CBC Radio. Dumont's comedy style has been described as a coy smile covering a killer wit. Dawn is a Plains Cree born and raised in Saskatchewan, Canada; her reserve, the Okanese First Nation, is quite possibly the smallest reservation in the world. This is her first time performing at the American Indian Community House (www.aich.org). She tells 'anecdotes' from her home reservation in Saskatchewan and her recent move to New York, joking about common problems Native people face in the city, such as being mistaken for other races. Dawn Dumont's humor is representative of the way in which Native people utilize humor as a coping mechanism and a tool for political commentary.
=540  \\$aThere are copyright restrictions on this collection. For more information, go to the online version of this video.
=600  10$aDumont, Dawn.
=650  \0$aStand-up comedy.
=650  \0$aWomen comedians.
=650  \0$aIndigenous women$xPerformances.
=650  \0$aIndigenous women.
=653  \\$aNative performance
=653  \\$aIndigenous performance
=655  \7$aPerformance.$2nyu-hidvl
=655  \7$aNative performance.$2nyu-hidvl
=655  \7$aIndigenous performance.$2nyu-hidvl
=700  1\$aDumont, Dawn.$4cre$4prf
=700  1\$aRichmond, Rosemary.$4drt
=700  1\$aOughtred, Karen.$4pro
=710  2\$aAmerican Indian Community House (New York, N.Y.)$4pro
=710  2\$aHemispheric Institute Digital Video Library.
=830  \0$aAmerican Indian Community House collection.
=856  40$uhttp://hdl.handle.net/2333.1/xd2547pm

