=LDR  03996cgm  22006015a 4500
=001  000507008
=003  NNU
=004  NYUb13495020
=005  20080219135602.0
=006  m\\\\\\\\z\\\\\\\\
=007  vd\cvaizu
=007  vf\ciahou
=007  cr\cna
=007  cr\|||||||||||
=008  070508e20060607nyu039\\\\\\\\\\\\vleng\d
=024  7\$aHI2006_072_01$2nyu-hidvl
=024  7\$aHI2006.072_01$2nyu-hidvl
=040  \\$aNNU$cNNU$eamim
=245  00$aInterview with Chris Eyre$h[videorecording].
=246  3\$aInterview with Chris Eyre (Southern Cheyenne)
=246  30$aChris Eyre
=260  \\$c2006 June 7.
=300  \\$3master.$a1 videocassette of 1 (Digital Betacam) (39 min.) :$bsd., col. ;$c1/2 in.
=300  \\$3viewing copy.$a1 videodisc of 1 (DVD) (39 min.) :$bsd., col. ;$c4 3/4 in.
=490  1\$aHemispheric Institute featured interviews
=530  \\$aAlso available online as streaming video.
=500  \\$aTitle supplied by Hemispheric Institute.
=500  \\$aPart of the Hemispheric Institute Digital Video Library.
=534  \\$pMedia source original:$e1 videocassette of 1 (Mini DV) : sd., col. ; 1/4 in. SP.$mPanasonic DVM60.
=518  \\$aInterviewed in New York City on June 7, 2006.
=508  \\$aHemispheric Institute of Performance and Politics, producer ; Nanobah Becker (Navajo), videographer.
=511  0\$aChris Eyre (Southern Cheyenne), interviewee ; Andrew McLean (Inupik), interviewer.
=520  \\$aIn this interview, filmmaker Chris Eyre (www.chriseyre.org) talks about the reasons why he went into filmmaking, his early years as a filmmaker at NYU, and the influence he felt this educational foundation had on his work. Chris also reminisces about his early career, at a time when independent film was still a force in the media world, and the burgeoning Native film community that sprung up during this period. The discussion leads to Eyre's landmark film 'Smoke Signals' and the direction the success of the film took him personally and professionally. The success of this film lead the artist to a feeling of greater responsibility to represent and to gain knowledge about other tribes since he became an involuntary spokesperson for Native people. As a filmmaker at the beginning of his career, interviewer Andrew McLean (Inupik) directed several questions to Eyre about negotiating the film world as a minority producer. Chris acknowledged the existing pressures to be 'issue oriented' and stated that the fact that a Native person was on film makes it a political piece. Eyre reflects on some of his films such as 'Skins' (which he made to illustrate the poverty on the Pine Ridge reservation, and consequently did not have a successful run), and contrasted it with his character-driven films such as 'Smoke Signals' and 'Edge of America,' which have a more universal appeal. Finally Chris relays Andrew, who come form a whaling Nation, his excitement about an upcoming project on the Makah Whale hunt that took place in May 17, 1999 at Neah Bay.
=540  \\$aThere are copyright restrictions on this collection. For more information, go to the online version of this video.
=600  10$aEyre, Chris,$d1969-$vInterviews.
=650  \0$aMotion picture producers and directors.
=630  00$aSmoke signals (Motion picture)
=650  \0$aCheyenne Indians.
=653  \\$aNative filmmakers
=653  \\$aIndigenous performance
=655  \7$aInterview.$2nyu-hidvl
=700  1\$aEyre, Chris,$d1969-$4ive
=700  1\$aMcLean, Andrew.$4ivr
=700  1\$aBecker, Nanobah.$4vdg
=710  2\$aHemispheric Institute of Performance and Politics.$4pro
=710  2\$aHemispheric Institute Digital Video Library.
=830  \0$aHemispheric Institute featured interviews.
=856  40$uhttp://hdl.handle.net/2333.1/34tmpgcb

