=LDR  04262cgm a22006135a 4500
=001  000513703
=003  NNU
=004  NYUb13502386
=005  20071210173429.0
=006  m\\\\\\\\z\\\\\\\\
=007  vd\cvaizu
=007  vf\ciahou
=007  cr\cna
=007  cr\|||||||||||
=008  070605e20061018pr\050\\\\\\\\\\\\vlspa\d
=024  7\$aHI2007_014_01$2nyu-hidvl
=024  7\$aHI2007.014_01$2nyu-hidvl
=035  \\$a(NYU)NYUb13502386
=040  \\$aNNU$cNNU$eamim
=043  \\$anwpr---
=245  00$aInterview with Teresa Hernández$h[videorecording].
=246  30$aTeresa Hernández
=260  \\$c2006 Oct. 18.
=300  \\$3master.$a1 videocassette of 1 (Digital Betacam) (50 min.) :$bsd., col. ;$c1/2 in.
=300  \\$3viewing copy.$a1 videodisc of 1 (DVD) (50 min.) :$bsd., col. ;$c4 3/4 in.
=490  1\$aHemispheric Institute featured interviews
=530  \\$aAlso available online as streaming video.
=546  \\$aIn Spanish.
=500  \\$aTitle supplied by Hemispheric Institute.
=500  \\$aPart of the Hemispheric Institute Digital Video Library.
=534  \\$pMedia source original:$e1 videocassette of 1 (Mini DV) : sd., col. ; 1/4 in. SP.$mPanasonic DVM60.
=518  \\$aInterviewed in San Juan, Puerto Rico, on Oct. 18, 2006.
=508  \\$aHemispheric Institute of Performance and Politics, producer ; Mila Aponte-González, videographer.
=511  0\$aTeresa Hernández, interviewee ; Mila Aponte-González, interviewer.
=520  \\$aTeresa Hernández is a Puerto Rican stage artist. Since 1987 she has written, directed and performed contemporary theater and dance, both in Puerto Rico's commercial and experimental art scenes. Along with choreographer Viveca Vázquez, she directs and administers the Taller de Otra Cosa, Inc., a nonprofit organization committed to the development and production of experimental dance and performance projects. As a solo artist, she produces her work since 1991 through her organization Producciones Teresa, no Inc.. She also offers workshops, talks and performance demonstrations for high school and college students. Teresa's creative projects are characterized by a consistent eschewing of traditional artistic categories. Theater, dance, performance, dramatic text, movement, costumes, video and everyday objects are juxtaposed and confronted, placed in a liminal space where notions of precariousness are explored and celebrated. Teresa's characters explore and expose the anxieties of everyday life in Puerto Rican society, transversally investigating issues of gender, class and race. In this interview, the artist talks about her coined term 'stage artist' (vis-à-vis 'perfomer', 'actress' or 'dancer') in the light of her multifaceted training and artistic trajectory. Teresa explains the role of the 'taller' (workshop) as a format and context for artistic creation. She talks about approximation, appropriation and precariousness as organizing coordinates of her artistic work. Hernández also discusses the creation and transformation of her characters, the use of costumes and everyday objects as stimuli for creation, the exploits of being an experimental artist in Puerto Rico, and her (at the time of the interview) upcoming project 'Nada Que Ver (Composiciones Escénicas Sobre el Yo)'.
=540  \\$aThere are copyright restrictions on this collection. For more information, go to the online version of this video.
=600  10$aHernandez, Teresa.
=650  \0$aPerforming arts$zPuerto Rico.
=650  \0$aWomen in the performing arts.
=650  \0$aArts$xExperimental methods.
=650  \0$aCreation (Literary, artistic, etc.)
=653  \\$aCreative process in the arts
=655  \7$aInterview.$2nyu-hidvl
=655  \7$aInterviews.$2aat
=700  1\$aHernandez, Teresa.$4ive
=700  1\$aAponte-González, Mila.$4ivr$4vdg
=710  2\$aHemispheric Institute of Performance and Politics.$4pro
=710  2\$aHemispheric Institute Digital Video Library.
=830  \0$aHemispheric Institute featured interviews.
=856  40$uhttp://hdl.handle.net/2333.1/fxpnvx8t

