=LDR  04625cgm a2200733 a 4500
=001  000549843
=003  NNU
=004  NYUb13541707
=005  20080417133133.0
=006  m\\\\\\\\z\\\\\\\\
=007  vd\cvaizu
=007  vf\ciahou
=007  cr\cna
=007  \\vd
=007  cr\|||||||||||
=008  071004e20061207pr\065\\\\\\\\\\\\vlspa\d
=024  7\$aHI2007_200_01$2nyu-hidvl
=024  7\$aHI2007_201_01$2nyu-hidvl
=024  7\$aHI2007.200_01$2nyu-hidvl
=035  \\$a(NYU)NYUb13541707
=040  \\$aNNU$cNNU$eamim
=041  0\$aspa
=043  \\$amwpr---$anwpr---
=245  00$aNada que ver (composiciones escénicas sobre el yo)$h[videorecording].
=260  \\$c2006 Dec. 7.
=300  \\$3master.$a2 videocassettes of 2 (Digital Betacam) (65 min.) :$bsd., col. ;$c1/2 in.
=300  \\$3viewing copy.$a2 videodiscs of 2 (DVD) (65 min. : pt.1, 36 min. ; pt.2, 29 min.) :$bsd., col. ;$c4 3/4 in.
=490  1\$aTeresa Hernández video collection
=530  \\$aAlso available online as streaming video.
=546  \\$aIn Spanish.
=500  \\$aTitle supplied by Hemispheric Institute.
=500  \\$aPart of the Hemispheric Institute Digital Video Library.
=534  \\$pMedia source original:$e2 videocassettes of 2 (VHS) : sd., col. ; 1/2 in. SP.$mPanasonic DVM60.
=518  \\$aPerformed at Teatro Yerbabruja, Río Piedras, Puerto Rico, on Dec. 7, 2006.
=508  \\$aTeresa Hernández, producer, director, creator, writer ; Taller de Otra Cosa, Inc., producer ; Producciones Teresa, no inc., producer ; Pedro Leopoldo Sánchez Tormes, assistant director, production assistant ; Yamil Collazo, set design ; Eduardo Alegría, Gisela Rosario, Miguel Villafañe, visuals ; Deborah Hunt, tech director ; Viveca Vázquez, artistic consultant.
=511  1\$aTeresa Hernández (protagonist), Pedro Leopoldo Sánchez Tormes (guest performer).
=520  \\$a'Nada que ver (composiciones escénicas sobre el yo)' is a multimedia one-woman piece created and performed by Teresa Hernández exploring the theme of Self. Seduced by the contradictions at play in the impossibility of speaking of 'self' without referencing an 'other,' the artist performs seven skits (divided in two acts, 'Post-infarto' and 'Parada') combining monologues, experimental dance, and video, as a sort of autobiography-in-flux, an exercise that questions even the very process of autobiographical introspection. In the piece, the grammatical first person (common in autobiography) blends with the third person, in a masquerade of characters through which chameleonic Hernández presents the hard lessons of what it entails, in this day and age, to be an experimental stage artist in Puerto Rico. Teresa Hernández is a Puerto Rican stage artist. Since 1987 she has written, directed and performed contemporary theater and dance, both in Puerto Rico's commercial and experimental art scenes. Teresa's creative projects are characterized by a consistent eschewing of traditional artistic categories. Theater, dance, performance, dramatic text, movement, costumes, video and everyday objects are juxtaposed and confronted, placed in a liminal space where notions of precariousness are explored and celebrated. Teresa's characters explore and expose the anxieties of everyday life in Puerto Rican society, transversally investigating issues of gender, class and race.
=540  \\$aThere are copyright restrictions on this collection. For more information, go to the online version of this video.
=650  \0$aPerforming arts$zPuerto Rico.
=650  \0$aWomen in the performing arts$zPuerto Rico.
=650  \0$aExperimental theater$zPuerto Rico.
=655  \0$aAutobiography.
=650  \0$aIntrospection.
=650  \0$aSelf.
=653  \\$aExperimental stage artists
=655  \7$aPerformance.$2nyu-hidvl
=655  \7$aMultimedia performance.$2nyu-hidvl
=655  \7$aExperimental performing arts.$2nyu-hidvl
=655  \7$aOne-woman show.$2nyu-hidvl
=700  1\$aHernandez, Teresa.$4pro$4drt$4cre$4aut$4prf
=700  1\$aSánchez Tormes, Pedro Leopoldo.$4drt$4prd$4prf
=710  2\$aTaller de Otra Cosa, Inc.$4pro
=710  2\$aProducciones Teresa.$4pro
=710  2\$aHemispheric Institute Digital Video Library.
=830  \0$aTeresa Hernández video collection.
=853  00$81$apt.
=863  50$81.1$a1$p31142046116441
=863  50$81.2$a2$p31142046116425
=856  40$uhttp://hdl.handle.net/2333.1/98sf7m8w
=954  \\$81$aVolumes

