=LDR  03542cgm a2200661 a 4500
=001  000549791
=003  NNU
=004  NYUb13541652
=005  20080410103055.0
=006  m\\\\\\\\z\\\\\\\\
=007  vd\cvaizu
=007  vf\ciahou
=007  cr\cna
=007  cr\|||||||||||
=008  071003e20061026pr\044\\\\\\\\\\\\vlspa\d
=024  7\$aHI2007_188_01$2nyu-hidvl
=024  7\$aHI2007.188_01$2nyu-hidvl
=035  \\$a(NYU)NYUb13541652
=040  \\$aNNU$cNNU$eamim
=041  0\$aspa
=043  \\$anwpr---
=245  00$aArquearse$h[videorecording].
=260  \\$c2003 Oct. 26.
=300  \\$3master.$a1 videocassette of 1 (Digital Betacam) (44 min.) :$bsd., col. ;$c1/2 in.
=300  \\$3viewing copy.$a1 videodisc of 1 (DVD) (44 min.) :$bsd., col. ;$c4 3/4 in.
=490  1\$aDeborah Hunt / MASKHUNT collection.
=530  \\$aAlso available online as streaming video.
=546  \\$aIn Spanish.
=500  \\$aTitle supplied by Hemispheric Institute.
=500  \\$aPart of the Hemispheric Institute Digital Video Library.
=534  \\$pMedia source original:$e1 videocassette of 1 (Mini DV) : sd., col. ; 1/4 in. SP.$mSony DVM60.
=518  \\$aPerformed at Teatro Estudio Yerbabruja, Río Piedras, Puerto Rico, on Oct. 26, 2003.
=508  \\$aDeborah Hunt, producer, montage, director, script, masks & puppets ; MASKHUNT, Inc., producer ; Carlos Lazarte, music.
=511  1\$aDeborah Hunt, Guie Beeu Guerrero.
=520  \\$a'Arquearse' is a thriller in masks and puppets on the theme of biopiracy. Written and staged by Deborah Hunt, the piece premiered in Seville, ran in Río Piedras, Puerto Rico and at the University of Connecticut, United States, and was last performed in Magdalena Sin Fronteras, Santa Clara, Cuba. Deborah Hunt is a maskmaker, puppeteer and performance artist with 35 years experience in the creation and presentation of original theater and performance works. She has worked in New Zealand, USA, England, Mexico, Central America, Puerto Rico, British Windward Islands, Argentina, Denmark, Norway, Belgrade, Venezuela, Cuba, Spain, Singapore, Australia, and has been working bilingually (English/Spanish) since 1985. Hunt also teaches puppetry and maskwork, offering intensive laboratories lasting from a weekend to nine-months long. Born in New Zealand, residing in Puerto Rico since 1990, she is a member of the Magdalena Project and the Founder and Artistic Director of MASKHUNT Inc, theater of the futile.
=540  \\$aThere are copyright restrictions on this collection. For more information, go to the online version of this video.
=650  \0$aPerforming arts$zPuerto Rico.
=650  \0$aPuppet theater$zPuerto Rico.
=650  \0$aMask makers$zPuerto Rico.
=650  \0$aExperimental theater$zPuerto Rico.
=650  \0$aPirates.
=653  \\$aBiopiracy
=655  \7$aPerformance.$2nyu-hidvl
=655  \7$aTheater.$2nyu-hidvl
=655  \7$aMask performance.$2nyu-hidvl
=655  \7$aPuppet theater.$2nyu-hidvl
=655  \7$aExperimental theater.$2nyu-hidvl
=655  \7$aThriller.$2nyu-hidvl
=700  1\$aHunt, Deborah.$4aut$4pro$4drt$4cst$4prf
=700  1\$aGuerrero, Guie Beeu.$4prf
=710  2\$aMASKHUNT, Inc.$4pro
=710  2\$aHemispheric Institute Digital Video Library.
=830  \0$aDeborah Hunt / MASKHUNT collection.
=856  40$uhttp://hdl.handle.net/2333.1/qfttdz9f

