=LDR  04391cgm a22006015a 4500
=001  000513680
=003  NNU
=004  NYUb13502360
=005  20071210173429.0
=006  m\\\\\\\\z\\\\\\\\
=007  vd\cvaizu
=007  vf\ciahou
=007  cr\cna
=007  cr\|||||||||||
=008  070605e20061017pr\042\\\\\\\\\\\\vlspa\d
=024  7\$aHI2007_013_01$2nyu-hidvl
=024  7\$aHI2007.013_01$2nyu-hidvl
=035  \\$a(NYU)NYUb13502360
=040  \\$aNNU$cNNU$eamim
=043  \\$anwpr---$acl-----
=245  00$aInterview with Rosa Luisa Márquez$h[videorecording].
=246  30$aRosa Luisa Márquez
=260  \\$c2006 Oct. 17.
=300  \\$3master.$a1 videocassette of 1 (Digital Betacam) (42 min.) :$bsd., col. ;$c1/2 in.
=300  \\$3viewing copy.$a1 videodisc of 1 (DVD) (42 min.) :$bsd., col. ;$c4 3/4 in.
=490  1\$aHemispheric Institute featured interviews
=530  \\$aAlso available online as streaming video.
=546  \\$aIn Spanish.
=500  \\$aTitle supplied by Hemispheric Institute.
=500  \\$aPart of the Hemispheric Institute Digital Video Library.
=534  \\$pMedia source original:$e1 videocassette of 1 (Mini DV) : sd., col. ; 1/4 in. SP.$mPanasonic DVM60.
=518  \\$aInterviewed in San Juan, Puerto Rico, on Oct. 17, 2006.
=508  \\$aHemispheric Institute of Performance and Politics, producer ; Mila Aponte-González, videographer.
=511  0\$aRosa Luisa Márquez, interviewee ; Mila Aponte-González, interviewer.
=520  \\$aRosa Luisa Márquez (http://www.marquezmartorell.org) is a Puerto Rican theater artist and pedagogue. Founding member of the theater group Anamú in 1971, she holds a masters degree from New York University and a Doctorate from Michigan State University; she specializes in contemporary theater. Rosa Luisa started her teaching career at the Theater department of the University of Puerto Rico in 1978. She developed the current curriculum of Drama Activities, which she teaches in her workshops at schools, prisons, rehab centers, womens shelters, nursing homes and community centers. Her directing projects include 'Romeo(s) y Julieta(s)', 'Historias para ser Contadas', 'La Leyenda del Cemí', 'Procesión', 'Waiting for Godot', 'Jardín de Pulpos', 'Absurdos en Soledad', 'El León y la Joya', among others. In conjunction with Puerto Rican visual artist Antonio Martorell, she created the concept of Itinerant Performers (1987-1990) resulting in twelve productions. Published books include 'Brincos y saltos: el juego como disciplina teatral' and 'Historias para ser contadas, montaje de Rosa Luisa Márquez'. She is a member of the board of directors and pedagogical team for the EITALCs International School of Latin American and Caribbean Theater. Ongoing artistic collaborators include Gilda Navarra and Antonio Martorell (Puerto Rico), Grupo Malayerba (Ecuador), Grupo Yuyachkani (Peru), and directors Peter Shumann (Bread & Puppet Theater, U.S.A.) and Augusto Boal (Theater of the Oppressed, Brazil). In this interview Márquez discusses the role of games, collaboration, the dramaturgy of the actor, music, performing objects, space, text, and relationships with the audience in her creative process and theater productions. Her pedagogical and community work is also discussed in the context of Puerto Rican cultural policies. Finally, she talks about her ongoing collaborations with artists, locally and abroad, as well as about her upcoming theater projects.
=540  \\$aThere are copyright restrictions on this collection. For more information, go to the online version of this video.
=600  10$aMárquez, Rosa Luisa$vInterviews.
=650  \0$aTheater$zPuerto Rico.
=650  \0$aTheater$zLatin America.
=650  \0$aExperimental theater.
=650  \0$aWomen in the performing arts.
=655  \7$aInterview.$2nyu-hidvl
=655  \7$aInterviews.$2aat
=700  1\$aMárquez, Rosa Luisa.$4ive
=700  1\$aAponte-González, Mila.$4ivr$4vdg
=710  2\$aHemispheric Institute of Performance and Politics.$4pro
=710  2\$aHemispheric Institute Digital Video Library.
=830  \0$aHemispheric Institute featured interviews.
=856  40$uhttp://hdl.handle.net/2333.1/kprr4xs3

