=LDR  05788cgm a2200769 a 4500
=001  000540478
=003  NNU
=004  NYUb13531637
=005  20080407112247.0
=006  m\\\\\\\\z\\\\\\\\
=007  vd\cvaizu
=007  vf\ciahou
=007  cr\cna
=007  cr\|||||||||||
=008  070508s2006\\\\pr\090\\\\\\\\\\\\vlspa\d
=024  7\$aHI2007_094_01$2nyu-hidvl
=024  7\$aHI2007_095_01$2nyu-hidvl
=024  7\$aHI2007.094_01$2nyu-hidvl
=035  \\$a(NYU)NYUb13531637
=040  \\$aNNU$cNNU$eamim
=041  0\$aspa
=043  \\$anwpr---
=245  03$aLa razón blindada$h[videorecording].
=260  \\$c2006 Dec.
=300  \\$3master.$a2 videocassettes of 2 (Digital Betacam) (90 min.) :$bsd., col. ;$c1/2 in.
=300  \\$3viewing copy.$a2 videodiscs of 2 (DVD) (90 min. : pt.1, 64 min. ; pt.2, 26 min.) :$bsd., col. ;$c4 3/4 in.
=490  1\$aRosa Luisa Márquez and theater collaborators
=530  \\$aAlso available online as streaming video.
=546  \\$aIn Spanish.
=500  \\$aTitle supplied by Hemispheric Institute.
=500  \\$aPart of the Hemispheric Institute Digital Video Library.
=534  \\$pMedia source original:$e2 videocassettes of 2 (Mini DV) : sd., col. ; 1/4 in. SP.$mPanasonic DVM63.
=518  \\$aPerformed at Teatro Yerbabruja, San Juan, Puerto Rico, in Dec. 2006.
=508  \\$aRosa Luisa Márquez, producer, director ; Arístides Vargas, writer ; Antonio Martorell, set design ; Miguel Villafañe, videographer ; Antonio Martorell, Gilda Navarra, Elizam Escobar, Rafael Trelles, Rubén Ríos, Gradissa Fernández, Maritza Pérez, Miguel Villafañe, Álvaro Aponte, Charo Francés, Arístides Vargas, Lucy Rodríguez, Angie Vázquez, Melanie Pérez, Maru Santana, Ameila Rodríguez, Margarita Gandía, Deborah Hunt, artistic collaborators.
=511  1\$aKairiana Núñez, Ariel Cuevas.
=520  \\$aRosa Luisa Márquez (www.marquezmartorell.org) is a Puerto Rican theater artist and pedagogue. Founding member of the theater group Anamú in 1971, she holds a Master's degree from New York University and a Doctorate from Michigan State University; she specializes in contemporary theater. Rosa Luisa started her teaching career at the Theater department of the University of Puerto Rico in 1978. She developed the current curriculum of Drama Activities, which she teaches in her workshops at schools, prisons, rehab centers, women's shelters, nursing homes and community centers. Her directing projects include 'Romeo(s) y Julieta(s),' 'Historias para ser Contadas,' 'La Leyenda del Cemí,' 'Procesión,' 'Waiting for Godot,' 'Jardín de Pulpos,' 'Absurdos en Soledad,' 'El León y la Joya,' among others. In conjunction with Puerto Rican visual artist Antonio Martorell, she created the concept of Itinerant Performers (1987-1990) resulting in twelve productions. Published books include 'Brincos y saltos: el juego como disciplina teatral' and 'Historias para ser contadas, montaje de Rosa Luisa Márquez.' She is a member of the board of directors and pedagogical team for the EITALC's International School of Latin American and Caribbean Theater. Ongoing artistic collaborators include Gilda Navarra and Antonio Martorell (Puerto Rico), Grupo Malayerba (Ecuador), Grupo Yuyachkani (Peru), and directors Peter Shumann (Bread & Puppet Theater, U.S.A.) and Augusto Boal (Theater of the Oppressed, Brazil). This video documents the theater piece 'La razón blindada,' written by Argentinean playwright Arístides Vargas and directed in Puerto Rico by Márquez, as a part of her ongoing artistic collaboration with Ecuadorean theater collective Malayerba (of which Vargas is director and founding member). Inspired by the 400th anniversary of the publication of Cervantes' 'El Quijote,' by Kafka's writings on Quixote and Sancho, and by the strategies of survival of political prisoners during Argentina's Dirty War (more specifically, the actual experiences of Vargas' brother, Chicho), 'La razón' is a piece about imprisonment, madness, storytelling and solidarity. In this staging by Márquez, the text is adapted to the Puerto Rican reality, exploring issues of political imprisonment that links pervasive Latin American political atrocities to selective profiling, political persecution, and the complex colonial condition of Puerto Rico.
=540  \\$aThere are copyright restrictions on this collection. For more information, go to the online version of this video.
=650  \0$aDon Quixote (Fictitious character)
=650  \0$aImprisonment$xPolitical aspects.
=650  \0$aPolitical persecution$zPuerto Rico.
=650  \0$aExperimental theater$zPuerto Rico.
=650  \0$aTheater$zPuerto Rico.
=653  \\$aLatin American theater
=653  \\$aCollaborative creation
=655  \7$aPerformance.$2nyu-hidvl
=655  \7$aTheater.$2nyu-hidvl
=655  \7$aExperimental theater.$2nyu-hidvl
=655  \7$aCollective creation.$2nyu-hidvl
=655  \7$aLatin American theater.$2nyu-hidvl
=655  \7$aPolitical performance.$2nyu-hidvl
=700  1\$aMárquez, Rosa Luisa.$4pro$4drt
=700  1\$aVargas, Arístides,$d1954-$4aut
=700  1\$aMartorell, Antonio,$d1939-$4std
=700  1\$aNúñez, Kairiana.$4prf
=700  1\$aCuevas, Ariel.$4prf
=700  1\$aCervantes Saavedra, Miguel de,$d1547-1616.$tDon Quixote.
=710  2\$aHemispheric Institute Digital Video Library.
=830  \0$aRosa Luisa Márquez and theater collaborators.
=856  40$uhttp://hdl.handle.net/2333.1/7sqv9scd
=853  00$81$apt.
=863  50$81.1$a1$p31142045977413
=863  50$81.2$a2$p31142045977421
=954  \\$81$aVolumes

