=LDR  05827cgm  2200805 a 4500
=001  000031979
=003  NNU
=004  NYUb13610621
=005  20100208144047.0
=006  m\\\\\\\\z\\\\\\\\
=007  vd\cvaizu
=007  vf\ciahou
=007  cr\cna|||||||a
=007  cr\|||||||||||
=007  vd\cvaizu
=008  080503e200606uuxx\067\\\\\\\\\\\\vlspa\d
=024  7\$aHI2007_232_01$2nyu-hidvl
=024  7\$aHI2007_233_01$2nyu-hidvl
=024  7\$aHI2007.232_01$2nyu-hidvl
=024  7\$aHI2007.233_01$2nyu-hidvl
=035  \\$a(NYU)NYUb13610621
=040  \\$aNNU$cNNU$eamim
=041  0\$aspa
=079  \\$a(OCoLC)878606469
=245  03$aEl bolero fue mi ruina$h[videorecording] =$bThe bolero was my downfall.
=246  3\$aBolero was my downfall
=246  3\$aBolero was my ruin
=246  3\$aPregones Theater :$bEl bolero fue mi ruina
=260  \\$c2006 June.
=300  \\$a2 videodiscs of 2 (DVD) (67 min.: pt.1, 57 min. ; pt.2, 10 min.) :$bsd., col. ;$c4 3/4 in.$3viewing copy.
=300  \\$a2 videocassettes of 2 (Digital Betacam) (67 min.) :$bsd., col. ;$c1/2 in.$3master.
=490  1\$aTeatro Pregones collection
=530  \\$aAlso available online as streaming video.
=546  \\$aIn Spanish.
=500  \\$aTitle supplied by Hemispheric Institute.
=500  \\$aPart of the Hemispheric Institute Digital Video Library.
=534  \\$pMedia source original:$e2 videocassettes of 2 (Mini DV) : sd., col. ; 1/4 in. SP.$mPanasonic DVM60.
=518  \\$aPerformed at Pregones Theater, The Bronx, New York City, in June, 2006.
=508  \\$aPregones Theater, producer ; based on the story 'Loca la de la locura' by Manuel Ramos Otero ; Jorge B. Merced with Rosalba Rolón, adaptation for the stage ; Rosalba Rolón, director ; Desmar Guevara, musical director ; Ricardo Pons, music ; Yanko Bakulic, sets ; Esteban Lima, lights ; Harry Nadal, costumes ; Jessica Moya, stage manager ; Flora Rodríguez, sound operator ; Roxanna Ricardo, titles operator.
=511  1\$aJorge B. Merced (protagonist) ; Desmar Guevara (musician), Jorge Castro (musician).
=520  \\$a'El bolero fue mi ruina' ('The Bolero Was My Downfall') is an acclaimed adaptation of Manuel Ramos Otero's 'Loca la de la locura.' The play's protagonist is an aging transvestite fulfilling the last days of a long prison sentence for murder. The production deploys the aesthetics of torch song and kitsch to convey a subtler message about love, abuse, and the relationship between perpetrator and victim. Since its premiere in 1997, 'El bolero' has been performed throughout the U.S., and in Puerto Rico, Peru, Mexico, and France. New sets and costumes were introduced for the Spring 2006 run at the New Pregones Theater. The performance is dedicated to all who continue to devote their life to advancing the struggles for equality, inclusion and justice, and most significantly, to the legacy of Silvia Rivera - a true crusader and pioneer of the Lesbian, Gay, Bisexual and Transgender civil rights movement in the US. Silvia was one of a group of drag queens who fought police during a raid on the Stonewall Inn on Christopher Street in 1969, an event that sparked the gay rights movement in NYC. She died on February 19, 2002, of liver cancer, at the age of 50. Founded in 1979 and based in The Bronx, New York City, Pregones Theater (http://www.pregones.org) has performed in more than 400 cities and 13 countries. The company enjoys citywide recognition for their lasting contributions to the performing arts field and are recipients of numerous distinctions including current Leading National Ensemble Theatre Designation from the Doris Duke Charitable Foundation and the Andrew W. Mellon Foundation, Primary Cultural Institution Designation from the New York State Council on the Arts, the New York State Governor's Arts Award, the Culture & Humanities Award from the Center for Puerto Rican Studies, numerous artist and production awards, as well as invitations to appear at international festivals and events. Over the years Pregones has developed a style that combines theater, music and movement, oral and written traditions, and a signature urban sensibility. The ensemble draws from popular Puerto Rican artistic expressions and literature to create and stage its work. Today, Pregones has grown to be one of the leading Puerto Rican/Latino theater theaters in the United States. From migrations to indigenous mythologies to subway stories, the company's repertoire covers a growing sample of Latino experiences and identities.
=540  \\$aThere are copyright restrictions on this collection. For more information, go to the online version of this video.
=650  \0$aTheater$zPuerto Rico.
=600  10$aRamos Otero, Manuel.$tLoca la de la locura$vAdaptations.
=650  \0$aGay theater.
=650  \0$aGay couples$vDrama.
=650  \0$aTransvestism.
=650  \0$aGay rights.
=650  \0$aGay liberation movement.
=655  \7$aPerformance.$2nyu-hidvl
=655  \7$aTheater.$2nyu-hidvl
=655  \7$aLatino theater.$2nyu-hidvl
=655  \7$aBoricua theater.$2nyu-hidvl
=655  \7$aPuerto Rican theater.$2nyu-hidvl
=655  \7$aQueer performance.$2nyu-hidvl
=700  1\$aMerced, Jorge B.$4adp$4prf
=700  1\$aRolón, Rosalba.$4adp$4drt
=700  1\$aGuevara, Desmar.$4mus$4drt
=700  1\$aPons, Ricardo.$4mus
=710  2\$aPregones Theatre (New York, N.Y.)$4pro
=710  2\$aHemispheric Institute Digital Video Library.
=830  \0$aTeatro Pregones collection
=856  40$uhttp://hdl.handle.net/2333.1/cvdnck1m
=853  00$81$apt.
=863  50$81.1$a1$p31142047316206
=863  50$81.2$a2$p31142047316198

