=LDR  03922cgm a22006735a 4500
=001  000508993
=003  NNU
=004  NYUb13497172
=005  20080219155943.0
=006  m\\\\\\\\z\\\\\\\\
=007  vd\cvaizu
=007  vf\ciahou
=007  cr\cna
=007  cr\|||||||||||
=008  070515e20060520nyu056\\\\\\\\\\\\vleng\d
=024  7\$aHI2006_079_01$2nyu-hidvl
=024  7\$aHI2006.079_01$2nyu-hidvl
=040  \\$aNNU$cNNU$eamim
=245  00$aIndian Summer 2006$h[videorecording] :$bSpiderwoman Theater.
=246  30$aSpiderwoman Theater
=260  \\$c2006 May 20.
=300  \\$3master.$a1 videocassette of 1 (Digital Betacam) (56 min.) :$bsd., col. ;$c1/2 in.
=300  \\$3viewing copy.$a1 videodisc of 1 (DVD) (56 min.) :$bsd., col. ;$c4 3/4 in.
=490  1\$aAmerican Indian Community House collection
=530  \\$aAlso available online as streaming video.
=500  \\$aTitle supplied by Hemispheric Institute.
=500  \\$aPart of the Hemispheric Institute Digital Video Library.
=534  \\$pMedia source original:$e1 videocassette of 1 (Mini DV) : sd., col. ; 1/4 in. SP.$mPanasonic DVM80.
=518  \\$aPerformed at Indian Summer 2006 in The Circle at AICH, New York City, on May 20, 2006.
=508  \\$aAmerican Indian Community House, producer ; Rosemary Richmond, executive director ; Karen Oughtred, production manager ; Jim Cyrus & Jesse Cooday, Performing Arts Dept. ; Spiderwoman Theater, creator ; Federico Restrepo, light designer ; Carla Bosnjak, light technician ; Robert Fisher, videographer ; Jesse Primeau, videographer.
=511  1\$aGloria Miguel, Lisa Mayo, Muriel Miguel.
=520  \\$aSpiderwoman Theater is the longest continuous running Native female performance group in North America. Comprised of three Kuna/Rappahannock sisters from Brooklyn, NY (Lisa Mayo, Gloria Miguel and Muriel Miguel), the group has traveled all over the world sharing performances, lectures, and workshops. Named after the Hopi goddess Spiderwoman, who taught the people to weave, the sisters write and perform stories through what they call 'storyweaving', their technique of creating storytelling theatrical pieces through text, movement, music, visual images, and song. As a part of Indian Summer 2006 in The Circle, Spiderwoman performs one-woman works by Gloria Miguel, Lisa Mayo, and Muriel Miguel (respectively), as well as storyweaving material developed as an ensemble. This was one of the last performances to be held at the renowned AICH venue at 404 Lafayette, and therefore an emotional piece and an homage to the long and fruitful relationship between Spiderwoman Theater and the American Indian Community House (www.aich.org).
=540  \\$aThere are copyright restrictions on this collection. For more information, go to the online version of this video.
=610  20$aSpiderwoman Theatre.
=650  \0$aStorytelling.
=650  \0$aIndigenous women.
=650  \0$aIndigenous women$xPerformances.
=653  \\$aNative performance
=653  \\$aIndigenous performance
=655  \7$aPerformance.$2nyu-hidvl
=655  \7$aNative performance.$2nyu-hidvl
=655  \7$aIndigenous performance.$2nyu-hidvl
=655  \7$aTheater.$2nyu-hidvl
=655  \7$aStorytelling.$2nyu-hidvl
=700  1\$aMiguel, Gloria.$4prf
=700  1\$aMayo, Lisa.$4prf
=700  1\$aMiguel, Muriel.$4prf
=700  1\$aRichmond, Rosemary.$4drt
=700  1\$aOughtred, Karen.$4pro
=710  2\$aSpiderwoman Theatre.$4cre
=710  2\$aAmerican Indian Community House (New York, N.Y.)$4pro
=710  2\$aHemispheric Institute Digital Video Library.
=830  \0$aAmerican Indian Community House collection.
=856  40$uhttp://hdl.handle.net/2333.1/2547d820

