=LDR  04158cgm a22006135a 4500
=001  000512377
=003  NNU
=004  NYUb13500849
=005  20080318162752.0
=006  m\\\\\\\\z\\\\\\\\
=007  vd\cvaizu
=007  vf\ciahou
=007  cr\cna
=007  cr\|||||||||||
=008  070530e20061116nyu026\\\\\\\\\\\\vleng\d
=024  7\$aHI2006_149_01$2nyu-hidvl
=024  7\$aHI2006.149_01$2nyu-hidvl
=040  \\$aNNU$cNNU$eamim
=043  \\$an-us-ny
=245  00$aInterview with Jennifer Miller$h[videorecording].
=246  30$aJennifer Miller
=260  \\$c2006 Nov. 16.
=300  \\$3master.$a1 videocassette of 1 (Digital Betacam) (26 min.) :$bsd., col. ;$c1/2 in.
=300  \\$3viewing copy.$a1 videodisc of 1 (DVD) (26 min.) :$bsd., col. ;$c4 3/4 in.
=490  1\$aHemispheric Institute featured interviews
=530  \\$aAlso available online as streaming video.
=500  \\$aTitle supplied by Hemispheric Institute.
=500  \\$aPart of the Hemispheric Institute Digital Video Library.
=534  \\$pMedia source original:$e1 videocassette of 1 (Mini DV) : sd., col. ; 1/4 in. SP.$mPanasonic DVM 60.
=518  \\$aInterviewed at Hemispheric Institute of Performance and Politics, New York City, on Nov. 16, 2006.
=508  \\$aHemispheric Institute of Performance and Politics, producer ; Melissa Maldonado, videographer.
=511  0\$aJennifer Miller, interviewee ; Mila Aponte-González, interviewer.
=520  \\$aInterview with performance artist Jennifer Miller, director of New York's troupe Circus Amok (www.circusamok.org), conducted by Mila Aponte-González for the Hemispheric Institute of Performance and Politics (www.hemisphericinstitute.org). In this interview, Miller talks about the origins, adventures and exploits of Circus Amok, commenting on the troupe's training, the politics and aesthetics of street performance, their experiences as political and queer performers in and for New York City communities, some recurrent topics in their work, and how their aesthetic influences and creative methods juggle between performance and politics in a collaborative atmosphere. Circus Amok is a New York City based circus-theater company whose mission is to provide free public art addressing contemporary issues of social justice to the people of New York City. Directed and founded by Miller, the group has been together since 1989 bringing its funny, queer, caustic and sexy, political one-ring spectacles to diverse neighborhoods throughout the city. Over the years the traditional circus skills - tight rope walking, juggling, acrobatics, stilt walking, clowning - have been combined with experimental dance, lifesize puppetry, music old and new, and gender-bending performance art and improvisational techniques, creating new meanings for circus while continuing to entertain the crowds of all ages throughout the city streets, gardens, parks, and playgrounds, inviting the audience to join them in envisioning a more empowered life of community interaction while enjoying a queer celebratory spectacle.
=540  \\$aThere are copyright restrictions on this collection. For more information, go to the online version of this video.
=600  10$aMiller, Jennifer,$d1961-$vInterviews.
=610  20$aCircus Amok.
=650  \0$aCircus$zNew York (State)$zNew York.
=650  \0$aStreet theater$zNew York (State)$zNew York.
=650  \0$aGay theater$zNew York (State)$zNew York.
=650  \0$aPerforming arts$zNew York (State)$zNew York.
=653  \\$aPolitical performance
=655  \7$aInterview.$2nyu-hidvl
=700  1\$aMiller, Jennifer,$d1961-$4ive
=700  1\$aAponte-González, Mila.$4ivr
=700  1\$aMaldonado, Melissa.$4vdg
=710  2\$aHemispheric Institute of Performance and Politics.$4pro
=710  2\$aHemispheric Institute Digital Video Library.
=830  \0$aHemispheric Institute featured interviews.
=856  40$uhttp://hdl.handle.net/2333.1/9cnp5hzh

