=LDR  03384cgm a22006015a 4500
=001  000506957
=003  NNU
=004  NYUb13494964
=005  20080219134907.0
=006  m\\\\\\\\z\\\\\\\\
=007  vd\cvaizu
=007  vf\ciahou
=007  cr\cna
=007  cr\|||||||||||
=008  070508e20060405nyu010\\\\\\\\\\\\vleng\d
=024  7\$aHI2006_071_01$2nyu-hidvl
=024  7\$aHI2006.071_01$2nyu-hidvl
=040  \\$aNNU$cNNU$eamim
=245  00$aInterview with Soni Moreno$h[videorecording].
=246  3\$aInterview with Soni Moreno (Mayan/Apache/Yaqui)
=246  30$aSoni Moreno
=260  \\$c2006 Apr. 5.
=300  \\$3master.$a1 videocassette of 1 (Digital Betacam) (10 min.) :$bsd., col. ;$c1/2 in.
=300  \\$3viewing copy.$a1 videodisc of 1 (DVD) (10 min.) :$bsd., col. ;$c4 3/4 in.
=490  1\$aHemispheric Institute featured interviews
=530  \\$aAlso available online as streaming video.
=500  \\$aTitle supplied by Hemispheric Institute.
=500  \\$aPart of the Hemispheric Institute Digital Video Library.
=534  \\$pMedia source original:$e1 videocassette of 1 (Mini DV) : sd., col. ; 1/4 in. SP.$mPanasonic DVM60.
=518  \\$aInterviewed at American Indian Community House (AICH), New York City, on Apr. 5, 2006.
=508  \\$aHemispheric Institute of Performance and Politics, producer ; Nanobah Becker (Navajo), videographer.
=511  0\$aSoni Moreno (Mayan/Apache/Yaqui), interviewee ; Raquel Chapa (Lipan Apache/Cherokee/Yaqui), interviewer.
=520  \\$aIn this interview, Soni Moreno (Mayan/Apache/Yaqui) reflects on her earlier years as a performer, arriving in New York City, and finding the American Indian Community House (AICH). During this time she also met her singing partner, Pura Fe (Tuscarora), and started the group Ulali (www.ulali.com). She reminisces about all the performances she has seen and participated in during her years at the AICH, including prestigious performers such as jazz musician Jim Pepper (Kaw) and rock star Robbie Robbertson (Mohawk). She talks about the different projects that have taken place at the AICH, ranging from comedy to drama to dance in the gallery and in the Circle. Soni has taken part in several collaborations over the years, and recalls working on the 'Vagina Monologues' and the 'L Word' soundtrack with Matou, the Moari Native American group with which she is currently performing.
=540  \\$aThere are copyright restrictions on this collection. For more information, go to the online version of this video.
=600  10$aMoreno, Soni$vInterviews.
=610  20$aUlali (Musical group)
=610  20$aAmerican Indian Community House (New York, N.Y.)
=650  \0$aIndian musicians.
=653  \\$aNative performers
=653  \\$aNative American women singers
=655  \7$aInterview.$2nyu-hidvl
=700  1\$aMoreno, Soni.$4ive
=700  1\$aChapa, Raquel.$4ivr
=700  1\$aBecker, Nanobah.$4vdg
=710  2\$aHemispheric Institute of Performance and Politics.$4pro
=710  2\$aHemispheric Institute Digital Video Library.
=830  \0$aHemispheric Institute featured interviews.
=856  40$uhttp://hdl.handle.net/2333.1/6wwpzgv6

