=LDR  05425cgm a2200637 a 4500
=001  000029309
=003  NNU
=004  000029309
=005  20100208143801.0
=006  m\\\\\\\\z\\\\\\\\
=007  vd\cvaizu
=007  vf\ciahou
=007  cr\cna|||||||a
=007  cr\|||||||||||
=007  vd\cvaizu
=008  080417s2006\\\\ec\024\\\\\\\\\\\\vlspa\d
=024  7\$aHI2007_214_01$2nyu-hidvl
=024  7\$aHI2007.214_01$2nyu-hidvl
=035  \\$a(NYU)NYUb13605867
=040  \\$aNNU$cNNU$eamim
=041  0\$aspa
=043  \\$as-ec---
=245  00$aBicicleta lerux$h[videorecording] :$bapuntes sobre la intimidad de los héroes.
=246  30$aApuntes sobre la intimidad de los héroes
=260  \\$c2006.
=300  \\$3viewing copy.$a1 videodisc of 1 (DVD) (24 min.) :$bsd., col. ;$c4 3/4 in.
=300  \\$3master.$a1 videocassette of 1 (Digital Betacam) (24 min.) :$bsd., col. ;$c1/2 in.
=490  1\$aMalayerba collection
=530  \\$aAlso available online as streaming video.
=546  \\$aIn Spanish.
=500  \\$aTitle supplied by Hemispheric Institute.
=500  \\$aPart of the Hemispheric Institute Digital Video Library.
=534  \\$pMedia source original:$e1 videocassette of 1 (Mini DV) : sd., col. ; 1/4 in. SP.$mPanasonic DVM60.
=518  \\$aPerformed in Quito, Ecuador, in 2006.
=508  \\$aGrupo de Teatro Malayerba, producer ; Arístides Vargas, director, writer ; José Rosales, costume & set design ; Elena Navarrete, photography, graphic design, lighting.
=511  1\$aDiego Bolaños, Manuela Romoleroux, María del Rosario 'Charo' Francés, Gerson Guerra, Cristina Marchán, José Rosales, Daysi Sánchez, Joselino Suntaxi, Arístides Vargas.
=520  \\$a'Bicicleta Lerux' presents the life of Ulises, a domestic Ulysses who never leaves home and whose travels are limited to wandering between the living room, the kitchen and the bathroom, in a personal Odyssey of memory. Penelope, in the meantime, unravels Ulises' journey, revealing an intimate life full of absences. The voyage is triggered by Lerux - a person? a place? an idea? - which stirs Ulises' deepest feelings and emotions. 'Bicicleta Lerux' was inspired by the powerful motif of Ulysses' Odyssey. While not intending to recreate the classic Greek myth, the play explores the human aspects of this quest, turning a mythical voyage into an everyday human experience, mapping out the 'geography' of a person's life - the chasms of tragedies endured, the distant, gentle slopes of happiness enjoyed. The Grupo de Teatro Malayerba (teatromalayerba.org) was founded in Quito in 1979 by Arístides Vargas, Susana Pautasso and María del Rosario 'Charo' Francés, immigrant actors originally from Argentina and Spain. From the start, Malayerba included actors with various backgrounds and nationalities, invested in the exploration of the rich cultural diversity and complex history of Ecuador, as well as issues of migration, exile, political violence and individual and collective memory. With over 25 years of ongoing theater practice and more than 20 plays performed locally and internationally for a diverse audience, Malayerba is committed to theater pedagogy and experimentation, artistic collaboration, and community building. They have represented Ecuador in national and international theater festivals; they have also collaborated with theater groups within Ecuador and in other countries, and performed for both film and television, while engaging in community work in Quito. In 1989 the group created the Laboratorio Malayerba, committed to the training of generations of young Ecuadorian actors and to an ongoing investigation of theories and practices of experimental theater. In 2001 Malayerba launched the theater journal 'Hoja de Teatro,' conceived as a forum for the theorization, criticism and dissemination of Ecuadorian theater practices. The group also runs a theater house, the Casa Malayerba, which houses the Laboratory as well as a theater with seating capacity for seventy people. Malayerba approaches theater making as an artistic, ethical and technical realm where to engage in meaningful creative experiences through which to understand, assume and confront current sociopolitical processes. In working together, actors with various backgrounds and nationalities have shown that a multicultural blend is not only possible but also enriching, as differences lead to new identities, embodiments of dreams, memories, absences and pains that are at once local and universal.
=540  \\$aThere are copyright restrictions on this collection. For more information, go to the online version of this video.
=600  00$aHomer.$tOdyssey$vAdaptations.
=650  \0$aOdysseus (Greek mythology)
=650  \0$aTheater$zEcuador.
=650  \0$aExperimental theater$zEcuador.
=653  \\$aUlysses
=655  \7$aPerformance.$2nyu-hidvl
=655  \7$aTheater.$2nyu-hidvl
=655  \7$aExperimental theater.$2nyu-hidvl
=655  \7$aEcuadorian theater.$2nyu-hidvl
=655  \7$aLatin American theater.$2nyu-hidvl
=700  1\$aVargas, Arístides,$d1954-$4aut$4drt$4prf
=710  2\$aGrupo de Teatro Malayerba.$4pro
=710  2\$aHemispheric Institute Digital Video Library.
=830  \0$aMalayerba collection
=856  40$uhttp://hdl.handle.net/2333.1/9s4mw6vj

