=LDR  05221ngm a2200649 a 4500
=001  003679248
=004  003679248
=005  20121106111641.0
=006  m\\\\\\\\c\\\\\\\\
=007  vd\cvaiz|
=007  cr\cna|||m|||a
=007  cr\|||||||||||
=007  vd\cvaiz|
=008  121105e200603uupr\056\\\\\\\\\\\\vlspa\d
=024  7\$aHI2010_077_01$2nyu-hidvl
=024  7\$aHI2010.077_01$2nyu-hidvl
=040  \\$aNNU$beng$cNNU
=041  0\$aspa
=043  \\$ae-it---$anwpr---
=245  00$amAroma$h[videorecording] /$cViveca Vázquez, Teresa Hernández, directors ; Taller de Otra Cosa, producer.
=260  \\$c2006 Mar.
=300  \\$3viewing copy.$a1 videodisc of 1 (DVD) (56 min.) :$bsd., col. ;$c4 3/4 in.
=490  1\$aViveca Vázquez collection
=546  \\$aIn Spanish.
=500  \\$aTitle supplied by Hemispheric Institute.
=500  \\$aPart of the Hemispheric Institute Digital Video Library.
=518  \\$aPerformed at the Anfiteatro 1-Facultad de Estudios Generales Universidad de Puerto Rico, Recinto Río Piedras, in March 2006.
=508  \\$aJorge Ramírez, Pedro Leopoldo Sánchez Tormes, lighting designers.
=511  0\$aJosé (Pepe) Álvarez, Yamil Collazo, Teresa Hernández, Kairiana Núñez, Magali Carrasquillo, Lydia Platón, Vesna Lantigua (de Andanza), performers.
=520  \\$aVideo documentation of Puerto Rican experimental dance performance ‘mAroma,’ choreographed by Viveca Vázquez, who is a choreographer, dancer, and a professor of humanities and contemporary dance for actors at the University of Puerto Rico. She presented her first work with Pisotón, the first experimental dance group of Puerto Rico and, shortly after, Taller de Otra Cosa, of which she became the first director. Through the company she presented her choreographic work and produced events such as ‘Rompeforma’ a key festival in the development of the experimental dance and performance scene in Puerto Rico, which was co-produced with Puerto Rican choreographer based in the U.S. Merian Soto. Since 1984 she has produced and performed experimental dance works in the United States, Mexico, Venezuela and Argentina, among a great number of other places. As a teacher she has developed a pedagogical model based on body conscience and improvisation.
=520  \\$a‘mAroma’ is a stage adaptation based on Virgil’s The Aeneid, Pasolini’s Mamma Roma, and Tollinchis’ Rome’s Metamorphosis. The Aeneid is the poem for Augustus’ Imperial Rome’s foundation. Circa 29 BC, Virgil was the best poet in the city and Augustus was victorious after a long war period. Augustus entrusted Virgil to write the poem of his glory. Three books are central in the this epic poem, IV and V, where the narration presents the love between Dido, Queen of Carthage and Aeneas; and book VI, where Aeneas goes to the Avernus to meet his father Anquises’ shadow. mAroma adapts these books and adds a new viewpoint by using Pier Paolo Pasolini’s Mamma Roma. As Mara Negrón points out in the playbill for the staging of this piece in March and April 2006, ‘mAroma navigates through the fragments of these stories without intending a lineal narration of the episodes. The characters circulate in a city without an identity -- it can be any city, any street in the world. Rome is not Rome, but a place of transit, riddled with encounters and misunderstandings, where the characters visit their own desires’ shadows, where the characters turn somersaults (‘hacen maromas’) in-between their past and their present. And at the same time, Rome is always Rome -- a place inhabited by its past. The characters of mAroma are yesterday and are today.’ In giving bodies to these characters, the performers insert themselves in the continuous dialogue between history and present, and the embodiment of that relationship on stage.
=530  \\$aAlso available online as streaming video.
=534  \\$pMedia source original:$e1 videocassette of 1 (Mini DV) : sd., col. ; 1/4 in. SP.$mPanasonic DVM60.
=540  \\$aThere are copyright restrictions on this collection. For more information, go to the online version of this video.
=600  00$aVirgil.$tAeneis$vAdaptations.
=600  10$aPasolini, Pier Paolo,$d1922-1975.$tMamma Roma$vAdaptations.
=600  10$aTollinchi, Esteban.$tMetamorfosis de Roma$vAdaptations.
=650  \0$aStage adaptations.
=650  \0$aArts and history$zItaly$zRome$vDrama.
=650  \0$aSpace and time$zItaly$zRome$vDrama.
=651  \0$aRome (Italy)$vDrama.
=650  \0$aExperimental dance$zPuerto Rico.
=650  \0$aExperimental theater$zPuerto Rico.
=653  \\$aEmbodiment.
=653  \\$aBody politics.
=655  \7$aPerformance.$2nyu-hidvl
=655  \7$aDance.$2nyu-hidvl
=655  \7$aContemporary dance.$2nyu-hidvl
=655  \7$aExperimental dance.$2nyu-hidvl
=700  1\$aVázquez, Viveca.$4cre$4drt
=700  1\$aHernandez, Teresa.$4drt$4prf
=710  2\$aTaller de Otra Cosa Inc.$4pro
=710  2\$aHemispheric Institute Digital Video Library.
=830  \0$aViveca Vázquez collection.
=856  40$uhttp://hdl.handle.net/2333.1/hmgqnmq5

