=LDR  03722cgm a2200649 a 4500
=001  000549297
=003  NNU
=004  NYUb13541100
=005  20090409171441.0
=006  m\\\\\\\\z\\\\\\\\
=007  vd\cvaizu
=007  vf\ciahou
=007  cr\cna
=007  cr\|||||||||||
=008  071002e20070609ag\024\\\\\\\\\\\\vlspa\d
=024  7\$aHI2007_166_01$2nyu-hidvl
=024  7\$aHI2007.166_01$2nyu-hidvl
=035  \\$a(NYU)NYUb13541100
=040  \\$aNNU$cNNU$eamim
=041  0\$aspa
=245  00$aProyecto de Teatro Mapuche$h[videorecording] :$bPewma.
=246  30$aPewma
=260  \\$c2007 June 9.
=300  \\$3master.$a1 videocassette of 1 (Digital Betacam) (24 min.) :$bsd., col. ;$c1/2 in.
=300  \\$3viewing copy.$a1 videodisc of 1 (DVD) (24 min.) :$bsd., col. ;$c4 3/4 in.
=530  \\$aAlso available online as streaming video.
=546  \\$aIn Spanish.
=500  \\$aTitle supplied by Hemispheric Institute.
=500  \\$aPart of the Hemispheric Institute Digital Video Library.
=534  \\$pMedia source original:$e1 videocassette of 1 (Mini DV) : sd., col. ; 1/4 in. SP.$mPanasonic DVM60.
=518  \\$aPerformed at Centro Cultural Recoleta, Buenos Aires, Argentina, on June 9, 2007, as part of the Sixth Annual Hemispheric Institute Seminar entitled Corpolíticas en las Ámericas / Body Politics in the Americas : formations of race, class and gender.
=508  \\$aHemispheric Institute, producer ; Centro Cultural Recoleta, producer ; Proyecto de Teatro Mapuche, creator ; Dexter Miranda, videographer.
=511  1\$aMiriam Álvarez, Lorena Cañuqueo, Carolina Sorín.
=520  \\$aVideo documentation of Proyecto de Teatro Mapuches performance Pewma, presented as a part of the 6th Encuentro of the Hemispheric Institute of Performance and Politics, celebrated in June of 2007 in Buenos Aires, Argentina under the title CORPOLÍTICAS en las Américas: Formaciones de Raza, Clase y Género / Body Politics in the Americas: Formations of Race, Class and Gender. Proyecto de Teatro Mapuche (http://hemi.nyu.edu/cuaderno/wefkvletuyin/Teatro.htm) is a political theater project founded in 2001, framed within the general contemporary Mapuche movement in Bariloche, Río Negro province, Argentina. Pewma is based on a particular type of dream--the pewma--which has the power of transmitting messages to its dreamer. The memory of the Mapuche people, heavy with the traumatic experience of genocide, is performed in the present through this dream.
=540  \\$aThere are copyright restrictions on this collection. For more information, go to the online version of this video.
=650  \0$aMapuche Indians.
=650  \0$aDreams.
=653  \\$aPerformance and politics
=653  \\$aBody politics
=655  \7$aPerformance.$2nyu-hidvl
=655  \7$aTheater.$2nyu-hidvl
=655  \7$aIndigenous theater.$2nyu-hidvl
=655  \7$aMapuche theater.$2nyu-hidvl
=700  1\$aAlvarez, Miriam.$4prf
=700  1\$aCañuqueo, Lorena.$4prf
=700  1\$aSorín, Carolina.$4prf
=700  1\$aMiranda, Dexter.$4vdg
=710  2\$aProyecto de Teatro Mapuche.$4cre
=710  2\$aHemispheric Institute of Performance and Politics.$4pro
=710  2\$aCentro Cultural Recoleta (Buenos Aires, Argentina)$4pro
=710  2\$aHemispheric Institute Digital Video Library.
=711  2\$aHemispheric Institute Encuentro$n(6th :$d2007 :$cBuenos Aires, Argentina).$tCorpolíticas / Body politics in the Americas : formations of race, class and gender.
=856  40$uhttp://hdl.handle.net/2333.1/1zcrjdqf

