=LDR  04474ngm a2200505 a 4500
=001  003306111
=004  003306111
=005  20100221125708.0
=006  m\\\\\\\\z\\\\\\\\
=007  vd\cvaiz|
=007  cr\cna|||m|||a
=007  vd\cvaiz|
=007  cr\|||||||||||
=008  100221e20071110nyu006\\\\\\\\\\\\vleng\d
=024  7\$aHI2009_023_01$2nyu-hidvl
=024  7\$aHI2009.023_01$2nyu-hidvl
=040  \\$aNNU$beng$cNNU
=079  \\$a(OCoLC)607289480
=245  00$aInterview with Patrick Anderson$h[videorecording] :$bwhat is performance studies?
=246  3\$aPatrick Anderson
=260  \\$c2007 Nov. 10.
=300  \\$3viewing copy.$a1 videodisc of 1 (DVD) (6 min.) :$bsd., col. ;$c4 3/4 in.
=490  1\$aInterview series : What is performance studies?
=500  \\$aTitle supplied by Hemispheric Institute.
=500  \\$aPart of the Hemispheric Institute Digital Video Library.
=518  \\$aFilmed in New York, NY, on November 10, 2007.
=508  \\$aHemispheric Institute of Performance and Politics, producer.
=511  0\$aPatrick Anderson, interviewee ; Diana Taylor, interviewer.
=520  \\$aInterview with Patrick Anderson, conducted by Marcial Godoy-Anativia, associate director of the Hemispheric Institute of Performance and Politics. This interview is a part of a series curated by the Hemispheric Institute, articulated around the question 'What is Performance Studies?' The series aims to provide a multifaceted approach to the often difficult task of defining the coordinates of both a field of academic study as well as a lens through which to assess and document cultural practice and embodied behavior. The contingent definitions documented in this series are based on the groundbreaking experiences and the scholarly endeavors of renowned figures in contemporary performance studies and practice.
=520  \\$aPatrick Anderson is Assistant Professor in the Department of Communication at the University of California, San Diego, where he is also affiliated with the Critical Gender Studies Program and the Ethnic Studies Department. Anderson graduated from the School of Communication of Northwestern University with a double major in Performance Studies and Anthropology, received a Fulbright Fellowship to conduct research on ritual performance in Sri Lanka, earned an M.A. in Cultural Studies/Communication Studies at the University of North Carolina-Chapel Hill, and a Ph.D. in Performance Studies (with a designated emphasis in women, gender, and sexuality) at the University of California-Berkeley. His background includes training and experience in theater and dance, film, cultural studies, queer and gender studies, ethnic studies, political geography, psychoanalysis, and anthropology. Bridging the fields of performance studies and cultural studies, Anderson's work explores enactments of violence and productions of political subjectivity within institutional domains including the prison, the clinic, the gallery, and the theater. His first book, So Much Wasted (currently in revision), explores hunger striking, anorexia nervosa, and staged fasts as spectacular, radically charged practices that attempt to intervene in ideological state sovereignty. His second book, Violence Performed, a collection of essays co-edited with Jisha Menon, interrogates violence as performance and performative in contemporary global politics. His next project, Against Empathy, argues for a radical re-thinking of how and why empathy underwrites both performance practice and multiculturalist discourse in contemporary American cultural politics.
=530  \\$aAlso available online as streaming video.
=534  \\$pMedia source original:$e1 videocassette of 1 (Mini DV) : sd., col. ; 1/4 in. SP.
=540  \\$aThere are copyright restrictions on this collection. For more information, go to the online version of this video.
=600  10$aAnderson, Patrick,$d1974-$vInterviews.
=650  \0$aPerforming arts$xStudy and teaching.
=653  \\$aPerformance studies.
=655  \7$aInterview.$2nyu-hidvl
=700  1\$aAnderson, Patrick,$d1974-$4ive
=700  1\$aTaylor, Diana,$d1950-$4ivr
=710  2\$aHemispheric Institute of Performance and Politics.$4pro
=710  2\$aHemispheric Institute Digital Video Library.
=830  \0$aInterview series : What is performance studies?
=856  40$uhttp://hdl.handle.net/2333.1/sqv9s597

