=LDR  06924cgm a2200781 a 4500
=001  000549414
=003  NNU
=004  NYUb13541249
=005  20090409171446.0
=006  m\\\\\\\\z\\\\\\\\
=007  vd\cvaizu
=007  vf\ciahou
=007  cr\cna
=007  \\vd
=007  cr\|||||||||||
=008  071003e20070610ag\103\\\\\\\\\\\\vlspa\d
=024  7\$aHI2007_168_01$2nyu-hidvl
=024  7\$aHI2007_169_01$2nyu-hidvl
=024  7\$aHI2007.168_01$2nyu-hidvl
=040  \\$aNNU$cNNU$eamim
=041  0\$aspa
=043  \\$as-ag---
=079  \\$a(OCoLC)878606856
=245  00$aGrupo de Teatro Catalinas Sur$h[videorecording] :$bEl fulgor argentino.
=246  3\$aFulgor argentino, club social y deportivo 1930-2030
=246  3\$aArgentine glow, sports and social club 1930-2030
=260  \\$c2007 June 10.
=300  \\$3viewing copy.$a2 videodiscs of 2 (DVD) (103 min. : pt.1, 60 min. ; pt.2, 43 min.) :$bsd., col. ;$c4 3/4 in.
=300  \\$3master.$a2 videocassettes of 2 (Digital Betacam) (103 min.) :$bsd., col. ;$c1/2 in.
=530  \\$aAlso available online as streaming video.
=546  \\$aIn Spanish.
=500  \\$aTitle supplied by Hemispheric Institute.
=500  \\$aPart of the Hemispheric Institute Digital Video Library.
=534  \\$pMedia source original:$e2 videocassettes of 2 (Mini DV) : sd., col. ; 1/4 in. SP.$mPanasonic DVM60.
=518  \\$aPerformed at Galpón de Catalinas, La Boca, Buenos Aires, Argentina, on June 10, 2007, as part of the Sixth Annual Hemispheric Institute Seminar entitled Corpolíticas en las Ámericas / Body Politics in the Americas : formations of race, class and gender.
=508  \\$aHemispheric Institute of Performance and Politics, producer ; Centro Cultural Recoleta, producer ; Grupo de Teatro Catalinas Sur, creator ; Grupo Catalinas Sur, collective creation ; Adhemar Bianchi, Ricardo Talento, directors ; Cristina Ghione, songs, music and lyrics ; Stella Giaquinto, assistant director ; Nora Mouriño assistant director ; Lucas Gasparini, lighting design, lighting ; José Luis Ferreyra, lighting ; Eduardo Martiné, soundtrack ; Mariana Delgado, sound ; Claudia Tomsig, costumes ; Elena Dressler, costume assistant ; Mario Sacco, set design ; Omar Gasparini, sets ; Ana Serralta, sets ; Alfredo Iriarte, puppets ; Gabriela Guastavino, puppets ; Marcelo Delgado, original music ; Gonzalo Domínguez, music arrangements & direction ; Andrea Salvemini, music & choir direction ; Gilda Arteta, choir assistant director ; Rafael Cullen, history consultant ; Gray Wetzler, videographer.
=511  1\$aAbril Bertoglio, Alfonso Iriarte, Alfredo Iriarte, Ana Magliola, Ana Serralta, Ana Villareal, Analía Vera, Andrea García, Andrea Salvemini, Andrés Martiné, Brenda Zerhau, Bruno Altomonte, Bruno Farese, Carla Cabrera, Cecilia Morelli, Cecilia Arthagnan, Cecilia Ortelli, Celina García, Claudia Osuna, Claudia Silva, Claudio Rodríguez, Cristina Iharur, Cristina Laraya, Cristina Paravano, David Miño, Diana González, Diego De Acha, Diego López, Diego Lorenzi, Eduardo Bertoglio, Eduardo Martiné, Eduardo Pardavila, Elena Dressler, Enriqueta Romero, Ernesto Antas, Esther Fernández, Ezequiel Fernández, Ezequiel Florio, Fabián Deza, Federico Maubecin, Federico Reyner, Fernando Emner, Flavio Suárez, Florencia Santcovsky, Gabriel Ferrari, Gabriela Guastavino, Gabriela Mora, Gilda Arteta, Gonzalo Acuña, Gonzalo Domínguez, Graciela Saumell, Gris Yapur, Guillermo Rodríguez, Gustavo González, Héctor Quiroga, Hernán Julianelli, Ia Arteta, Ilda Silva, Javier Guzmán, Javier Pedraza, Jorge Aizenberg, Jorge Luis Goicochea, Jorge Movia, Julián Martiné, Julio Girela, Laura Caiano, Lázaro Teper, Leonardo Selman, Liliana Vasallo, Lucía Berella, Marcelo Velázquez, María Luisa Desiano, Mariela Campastri, Martín Otaño, Mateo Palacios, Miguel Ángel López, Miguel Calmón, Miguel Kuok, Miguel Mitre, Miriam Pacucci, Natalia Reitano, Nicolás Paszcowicz, Nora Mouriño, Norberto Jakubowicz, Omar Gasparini, Omar Musis, Pablo Bondarevsky, Pablo Caiano, Paola Zacarías, Patricia Acosta, Patricia Bosch, Patricia Santoyani, Patricia Zarza, Pedro Palacios, Raquel Burrieza, Roberto Cidale, Rodrigo González, Rubén Schiafino, Sandra Souto, Santiago Miranda, Silvia Arévalo, Silvia Spinelli, Silvia Vilela, Sofía Grillo, Solange Veneziani, Stella Giaquinto, Susana García, Teo De Acha, Teresa Ponce, Tomás Pérez, Valentino Otaño, Valeria Cáceres, Valeria Mitre, Verónica Saban, Víctor Vélez, Violeta Aberbuj, Violeta Lizasoain.
=520  \\$aVideo documentation of Grupo de Teatro Catalinas Surs El Fulgor Argentino, Club Social y Deportivo 1930-2030 (The Argentine Glow, Sports and Social Club 1939-2030), performed as a part of the 6th Encuentro of the Hemispheric Institute of Performance and Politics, celebrated in June of 2007 in Buenos Aires, Argentina under the title CORPOLÍTICAS en las Ámericas / Body Politics in the Americas: Formations of Race, Class and Gender. Grupo de Teatro Catalinas Sur (www.catalinasur.com.ar) is a theater group from the neighborhood of La Boca, Buenos Aires, Argentina. A collective creation directed by Adhemar Bianchi and Ricardo Talento, El Fulgor Argentino brings together a hundred performers, an orchestra and big puppets in order to perform a hundred years of Argentine history (1930-2030) as seen through the social dances of a community club.
=540  \\$aThere are copyright restrictions on this collection. For more information, go to the online version of this video.
=651  \0$aArgentina$xPolitics and government.
=651  \0$aArgentina$xHistory$y20th century.
=651  \0$aArgentina$xHistory$y2002-
=653  \\$aPerformance and politics
=653  \\$aBody politics
=655  \7$aPerformance.$2nyu-hidvl
=655  \7$aTheater.$2nyu-hidvl
=655  \7$aCommunity theater.$2nyu-hidvl
=655  \7$aPolitical theater.$2nyu-hidvl
=655  \7$aMusical theater.$2nyu-hidvl
=655  \7$aArgentinean theater.$2nyu-hidvl
=700  1\$aBianchi, Adhemar.$4drt
=700  1\$aTalento, Ricardo.$4drt
=700  1\$aWetzler, Gray.$4vdg
=710  2\$aGrupo de Teatro Catalinas Sur.$4cre
=710  2\$aHemispheric Institute of Performance and Politics.$4pro
=710  2\$aCentro Cultural Recoleta (Buenos Aires, Argentina)$4pro
=710  2\$aHemispheric Institute Digital Video Library.
=711  2\$aHemispheric Institute Encuentro$n(6th :$d2007 :$cBuenos Aires, Argentina).$tCorpolíticas / Body politics in the Americas : formations of race, class and gender.
=853  00$81$apt.
=863  50$81.1$a1$p31142046116094
=863  50$81.2$a2$p31142046116102
=856  40$uhttp://hdl.handle.net/2333.1/sf7m0ctz
=954  \\$81$aVolumes

