=LDR  04311ngm a2200505 a 4500
=001  003305755
=004  003305755
=005  20100221130741.0
=006  m\\\\\\\\z\\\\\\\\
=007  vd\cvaiz|
=007  cr\cna|||m|||a
=007  vd\cvaiz|
=007  cr\|||||||||||
=008  100219e20071004nyu007\\\\\\\\\\\\vleng\d
=024  7\$aHI2009_015_01$2nyu-hidvl
=024  7\$aHI2009.015_01$2nyu-hidvl
=040  \\$aNNU$beng$cNNU
=079  \\$a(OCoLC)607285612
=245  00$aInterview with Daphne Brooks$h[videorecording] :$bwhat is performance studies?
=246  3\$aDaphne Brooks
=260  \\$c2007 Oct. 4.
=300  \\$3viewing copy.$a1 videodisc of 1 (DVD) (7 min.) :$bsd., col. ;$c4 3/4 in.
=490  1\$aInterview series : What is performance studies?
=500  \\$aTitle supplied by Hemispheric Institute.
=500  \\$aPart of the Hemispheric Institute Digital Video Library.
=518  \\$aFilmed in New York, NY, on October 4, 2007.
=508  \\$aHemispheric Institute of Performance and Politics, producer.
=511  0\$aDaphne Brooks, interviewee ; Diana Taylor, interviewer.
=520  \\$aInterview with Daphne Brooks, conducted by Diana Taylor, founding director of the Hemispheric Institute of Performance and Politics. This interview is a part of a series curated by the Hemispheric Institute, articulated around the question 'What is Performance Studies?' The series aims to provide a multifaceted approach to the often difficult task of defining the coordinates of both a field of academic study as well as a lens through which to assess and document cultural practice and embodied behavior. The contingent definitions documented in this series are based on the groundbreaking experiences and the scholarly endeavors of renowned figures in contemporary performance studies and practice.
=520  \\$aDaphne A. Brooks is an Associate Professor of English and African-American Studies at Princeton University where she teaches courses on African-American literature and culture, performance studies, critical gender studies, and popular music culture. She is the author of two books: Bodies in Dissent: Spectacular Performances of Race and Freedom, 1850-1910 (2006), winner of the 2007 Errol Hill Award for outstanding scholarship in African American Theater Studies, and Jeff Buckley's Grace (2005). She is also the editor of The Great Escapes: The Narratives of William Wells Brown, Henry Box Brown, and William Craft (2007) and the performing arts volume of The Black Experience in the Western Hemisphere, series eds. Howard Dodson and Colin Palmer (2006). Brooks is the author of various articles on race, gender, performance and popular culture such as 'Burnt Sugar: Post-Soul Satire and Rock Memory,' 'It's Not Right But It's Okay: Contemporary Black Women's R&B and the House that Terry McMillan Built,' and 'The Deeds Done in My Body: Black Feminist Theory, Performance, and the Truth About Adah Isaacs Menken.' Brooks is currently developing new projects on racial masquerade in rock music culture, and black feminist performance and satire. She is the past recipient of fellowships from the Ford Foundation, the Mellon Foundation, the Woodrow Wilson Career Enhancement Fellowship Program, and the University of California Humanities Research Institute. Brooks has also held residence at U.C. Berkeley as a President's Postdoctoral Fellow and at Harvard University as a W.E.B. DuBois Research Institute Fellow.
=530  \\$aAlso available online as streaming video.
=534  \\$pMedia source original:$e1 videocassette of 1 (Mini DV) : sd., col. ; 1/4 in. SP.
=540  \\$aThere are copyright restrictions on this collection. For more information, go to the online version of this video.
=600  10$aBrooks, Daphne$vInterviews.
=650  \0$aPerforming arts$xStudy and teaching.
=653  \\$aPerformance studies.
=655  \7$aInterview.$2nyu-hidvl
=700  1\$aBrooks, Daphne.$4ive
=700  1\$aTaylor, Diana,$d1950-$4ivr
=710  2\$aHemispheric Institute of Performance and Politics.$4pro
=710  2\$aHemispheric Institute Digital Video Library.
=830  \0$aInterview series : What is performance studies?
=856  40$uhttp://hdl.handle.net/2333.1/tqjq2ch2

