=LDR  03985cgm a2200649 a 4500
=001  000549454
=003  NNU
=004  NYUb13541290
=005  20150206101132.0
=006  m\\\\\\\\z\\\\\\\\
=007  vd\cvaizu
=007  vf\ciahou
=007  cr\cna
=007  cr\|||||||||||
=008  071003e20070612ag\045\\\\\\\\\\\\vlspa\d
=024  7\$aHI2007_172_01$2nyu-hidvl
=024  7\$aHI2007.172_01$2nyu-hidvl
=040  \\$aNNU$cNNU$eamim
=041  0\$aspa
=245  00$aMónica Cabrera$h[videorecording] :$bEl sistema de la víctima.
=246  30$aSistema de la víctima
=246  3\$aVictim's system
=260  \\$c2007 June 12.
=300  \\$3master.$a1 videocassette of 1 (Digital Betacam) (45 min.) :$bsd., col. ;$c1/2 in.
=300  \\$3viewing copy.$a1 videodisc of 1 (DVD) (45 min.) :$bsd., col. ;$c4 3/4 in.
=530  \\$aAlso available online as streaming video.
=546  \\$aIn Spanish.
=500  \\$aTitle supplied by Hemispheric Institute.
=500  \\$aPart of the Hemispheric Institute Digital Video Library.
=534  \\$pMedia source original:$e1 videocassette of 1 (Mini DV) : sd., col. ; 1/4 in. SP.$mPanasonic DVM60.
=518  \\$aPerformed at Centro Cultural Recoleta, Buenos Aires, Argentina, on June 12, 2007, as part of the Sixth Annual Hemispheric Institute Seminar entitled Corpolíticas en las Ámericas / Body Politics in the Americas : formations of race, class and gender.
=508  \\$aHemispheric Institute of Performance and Politics, producer ; Centro Cultural Recoleta, producer ; Mónica Cabrera, creator, director ; Ana Bonet, assistant director ; Mónica Cabrera, costumes ; Claudio Martini, music, graphic design ; Mónica Cabrera, Ana Bonet, Claudio Martini, set ; Dexter Miranda, videographer.
=511  1\$aMónica Cabrera.
=520  \\$aVideo documentation of Mónica Cabrera's performance 'El sistema de la víctima' ('The Victims System') presented as a part of the 6th Encuentro of the Hemispheric Institute of Performance and Politics, celebrated in June of 2007 in Buenos Aires, Argentina under the title CORPOLÍTICAS en las Américas: Formaciones de Raza, Clase y Género / Body Politics in the Americas: Formations of Race, Class and Gender. Mónica Cabrera is an Argentinean director, actress and writer whose trajectory has included classical theater, popular theater and childrens theater. As an actress, she works in theater, film, television and advertising. 'El sistema de la víctima' laughs at a problem that afflicts the population: the feeling of being a victim -of not being able to deal with circumstances, or not being able to deal with a secret nature that forces us to complain. This video includes a post-performance discussion with the artist.
=540  \\$aThere are copyright restrictions on this collection. For more information, go to the online version of this video.
=650  \0$aVictims.
=653  \\$aVictimization
=653  \\$aPerformance and politics
=653  \\$aBody politics
=655  \7$aPerformance.$2nyu-hidvl
=655  \7$aTheater.$2nyu-hidvl
=655  \7$aPolitical performance.$2nyu-hidvl
=655  \7$aOne-woman show.$2nyu-hidvl
=700  1\$aCabrera, Mónica,$d1958-$4cre$4drt$4prf$4cst$4std
=700  1\$aBonet, Ana.$4drt$4std
=700  1\$aMartini, Claudio.$4mus$4dsr$4std
=700  1\$aMiranda, Dexter.$4vdg
=710  2\$aHemispheric Institute of Performance and Politics.$4pro
=710  2\$aCentro Cultural Recoleta (Buenos Aires, Argentina)$4pro
=710  2\$aHemispheric Institute Digital Video Library.
=711  2\$aHemispheric Institute Encuentro$n(6th :$d2007 :$cBuenos Aires, Argentina).$tCorpolíticas / Body politics in the Americas : formations of race, class and gender.
=856  40$uhttp://hdl.handle.net/2333.1/d7wm37zs

