=LDR  05556cgm a2200757 a 4500
=001  000031951
=003  NNU
=004  000031951
=005  20080503111700.0
=006  m\\\\\\\\z\\\\\\\\
=007  vd\cvaizu
=007  vf\ciahou
=007  cr\cna
=007  cr\|||||||||||
=008  080503e20070525xx\061\\\\\\\\\\\\vleng\d
=024  7\$aHI2007_231_01$2nyu-hidvl
=035  \\$a(NYU)NYUb13610620
=040  \\$aNNU$cNNU$eamim
=041  0\$aeng$aspa
=043  \\$anwpr---$an-us-ny$an-us---
=079  \\$a(OCoLC)227163655
=245  04$aThe beep$h[videorecording].
=260  \\$c2007 May 25.
=300  \\$3viewing copy.$a1 videodisc of 1 (DVD) (61 min.) :$bsd., col. ;$c4 3/4 in.
=300  \\$3master.$a1 videocassette of 1 (Digital Betacam) (61 min.) :$bsd., col. ;$c1/2 in.
=490  1\$aTeatro Pregones collection
=530  \\$aAlso available online as streaming video.
=546  \\$aIn English and Spanish.
=500  \\$aTitle supplied by Hemispheric Institute.
=500  \\$aPart of the Hemispheric Institute Digital Video Library.
=534  \\$pMedia source original:$e1 videocassette of 1 (Mini DV) : sd., col. ; 1/4 in. SP.$mPanasonic DVM83.
=518  \\$aPerformed at Pregones Theater, The Bronx, New York City, on May 25, 2007.
=508  \\$aPregones Theater, producer, collective creation ; Jesús Colón, Manuel Méndez Ballester, Judith Ortiz Cofer, Elise Hernández, Pedro Pietri, texts ; Rosalba Rolón, concept, director ; Alvan Colón Lespier, director of production ; Sabina Rivera, production assistant ; Desmar Guevara, composer, musical director ; Elise Hernández, Ricardo Pons, additional music ; Harry Nadal, set design, costume design ; Jason Strum, lighting design ; Jessica Moya, stage manager ; Yanko Bakulic, master carpenter ; Bobby Bodón, carpenter.
=511  1\$aVarín Ayala, Rosal Colón, Sol Crespo, Elise Hernández, Omar Pérez ; Waldo Chávez (musician), Desmar Guevara (musician), José Rivera (musician), Roberto Rosario (musician).
=520  \\$a'The Beep' is a rhythmic musical theater revue that brings together the work of four pioneering Puerto Rican writers: Pedro Pietri, Jesús Colón, Manuel Méndez Ballester, and Judith Ortiz Cofer. The production draws from these acclaimed artists' heartfelt and hilarious renditions of Spanish Caribbean life and migrant experience. The show premiered at Pregones Theater at Walton Avenue on May 24 June 3, 2006, The Bronx, NY as part of their eighth Summer Stage Tour, bringing free, live professional theater to primarily outdoors stages in New York, New Jersey, and Connecticut. An expanded musical band and a additional poems by Elise Hernández and Pedro Pietri were integrated for the production's Spring 2007 run at the New Pregones Theater in the South Bronx. Founded in 1979 and based in The Bronx, New York City, Pregones Theater (http://www.pregones.org) has performed in more than 400 cities and 13 countries. The company enjoys citywide recognition for their lasting contributions to the performing arts field and are recipients of numerous distinctions including current Leading National Ensemble Theatre Designation from the Doris Duke Charitable Foundation and the Andrew W. Mellon Foundation, Primary Cultural Institution Designation from the New York State Council on the Arts, the New York State Governor's Arts Award, the Culture & Humanities Award from the Center for Puerto Rican Studies, numerous artist and production awards, as well as invitations to appear at international festivals and events. Over the years Pregones has developed a style that combines theater, music and movement, oral and written traditions, and a signature urban sensibility. The ensemble draws from popular Puerto Rican artistic expressions and literature to create and stage its work. Today, Pregones has grown to be one of the leading Puerto Rican/Latino theater theaters in the United States. From migrations to indigenous mythologies to subway stories, the company's repertoire covers a growing sample of Latino experiences and identities.
=540  \\$aThere are copyright restrictions on this collection. For more information, go to the online version of this video.
=650  \0$aTheater$zPuerto Rico.
=650  \0$aImmigrants.
=650  \0$aPuerto Ricans$zNew York (State)$zNew York.
=650  \0$aHispanic Americans$zNew York (State)$zNew York.
=651  \0$aUnited States$xEmigration and immigration.
=651  \0$aPuerto Rico$xEmigration and immigration.
=655  \7$aPerformance.$2nyu-hidvl
=655  \7$aTheater.$2nyu-hidvl
=655  \7$aLatino theater.$2nyu-hidvl
=655  \7$aBoricua theater.$2nyu-hidvl
=655  \7$aPuerto Rican theater.$2nyu-hidvl
=655  \7$aMusical theater.$2nyu-hidvl
=655  \7$aBilingual theater.$2nyu-hidvl
=700  1\$aColón, Jesús,$d1901-$4aut
=700  1\$aMéndez Ballester, Manuel.$4aut
=700  1\$aCofer, Judith Ortiz,$d1952-$4aut
=700  1\$aHernández, Elise.$4aut$4mus
=700  1\$aPietri, Pedro,$d1944-2004.$4aut
=700  1\$aRolón, Rosalba.$4ccp$4drt
=700  1\$aColón Lespier, Alvan.$4prd$4drt
=700  1\$aRivera, Sabina.$4prd
=700  1\$aGuevara, Desmar.$4mus$4drt
=700  1\$aPons, Ricardo.$4mus
=710  2\$aPregones Theatre (New York, N.Y.)$4pro$4cre
=710  2\$aHemispheric Institute Digital Video Library.
=830  \0$aTeatro Pregones collection
=856  40$uhttp://hdl.handle.net/2333.1/hmgqnkhh

