=LDR  03366cgm a2200601 a 4500
=001  000541077
=003  NNU
=004  NYUb13532315
=005  20090409171455.0
=006  m\\\\\\\\z\\\\\\\\
=007  vd\cvaizu
=007  vf\ciahou
=007  cr\cna
=007  cr\|||||||||||
=008  070905e20070615ag\023\\\\\\\\\\\\vlspa\d
=024  7\$aHI2007_133_01$2nyu-hidvl
=024  7\$aHI2007.133_01$2nyu-hidvl
=035  \\$a(NYU)NYUb13532315
=040  \\$aNNU$cNNU$eamim
=041  0\$aspa
=245  00$aInterview with Susana Cook$h[videorecording]
=246  30$aSusana Cook
=260  \\$c2007 June 15.
=300  \\$3master.$a1 videocassette of 1 (Digital Betacam) (23 min.) :$bsd., col. ;$c1/2 in.
=300  \\$3viewing copy.$a1 videodisc of 1 (DVD) (23 min.) :$bsd., col. ;$c4 3/4 in.
=530  \\$aAlso available online as streaming video.
=546  \\$aIn Spanish.
=500  \\$aTitle supplied by Hemispheric Institute.
=500  \\$aPart of the Hemispheric Institute Digital Video Library.
=534  \\$pMedia source original:$e1 videocassette of 1 (Mini DV) : sd., col. ; 1/4 in. SP.$mPanasonic DVM60.
=518  \\$aInterviewed in Buenos Aires, Argentina, on June 15, 2007, as part of the Sixth Annual Hemispheric Institute Seminar entitled Corpolíticas en las Ámericas / Body Politics in the Americas : formations of race, class and gender.
=508  \\$aHemispheric Institute of Performance and Politics, producer ; Centro Cultural Recoleta, producer ; Pilar Rau, videographer.
=511  0\$aSusana Cook, interviewee ; Mila Aponte-González, interviewer.
=520  \\$aInterview with Susana Cook, conducted by Mila Aponte-González as a part of the 6th Encuentro of the Hemispheric Institute of Performance and Politics, celebrated in June of 2007 in Buenos Aires, Argentina under the title CORPOLÍTICAS en las Américas: Formaciones de Raza, Clase y Género / Body Politics in the Americas: Formations of Race, Class and Gender (http://hemi.nyu.edu/eng/seminar/2007/index.html). Susana Cook (www.susanacook.com) is an Argentinean-born, New York-based political theater worker. Since 1991, she presented more than 16 original shows in NY. During the 1980s, she presented her pieces at the Centro Parakultural in Buenos Aires.
=540  \\$aThere are copyright restrictions on this collection. For more information, go to the online version of this video.
=600  10$aCook, Susana$vInterviews.
=650  \0$aIdentity (Psychology)$xPolitical aspects.
=650  \0$aPerforming arts$xPolitical aspects.
=653  \\$aBody politics
=653  \\$aPerformance and politics
=655  \7$aInterview.$2nyu-hidvl
=700  1\$aCook, Susana.$4ive
=700  1\$aAponte-González, Mila.$4ivr
=700  1\$aRau, Pilar.$4vdg
=710  2\$aHemispheric Institute of Performance and Politics.$4pro
=710  2\$aCentro Cultural Recoleta (Buenos Aires, Argentina)$4pro
=710  2\$aHemispheric Institute Digital Video Library.
=711  2\$aHemispheric Institute Encuentro$n(6th :$d2007 :$cBuenos Aires, Argentina).$tCorpolíticas / Body politics in the Americas : formations of race, class and gender.
=856  40$uhttp://hdl.handle.net/2333.1/4tmpg4m0

