=LDR  04116cgm a2200697 a 4500
=001  000549542
=003  NNU
=004  NYUb13541385
=005  20090409171500.0
=006  m\\\\\\\\z\\\\\\\\
=007  vd\cvaizu
=007  vf\ciahou
=007  cr\cna
=007  cr\|||||||||||
=008  071003e20070614ag\050\\\\\\\\\\\\vleng\d
=024  7\$aHI2007_178_01$2nyu-hidvl
=024  7\$aHI2007.178_01$2nyu-hidvl
=035  \\$a(NYU)NYUb13541385
=040  \\$aNNU$cNNU$eamim
=041  0\$aeng$aspa
=245  00$aSusana Cook$h[videorecording] :$bThe unpatriotic act : homeland insecurities.
=246  30$aUnpatriotic act :$bhomeland insecurities
=246  30$aHomeland insecurities
=246  3\$aInseguridades de la seguridad nacional
=260  \\$c2007 June 14.
=300  \\$3master.$a1 videocassette of 1 (Digital Betacam) (50 min.) :$bsd., col. ;$c1/2 in.
=300  \\$3viewing copy.$a1 videodisc of 1 (DVD) (50 min.) :$bsd., col. ;$c4 3/4 in.
=530  \\$aAlso available online as streaming video.
=546  \\$aIn English and Spanish.
=500  \\$aTitle supplied by Hemispheric Institute.
=500  \\$aPart of the Hemispheric Institute Digital Video Library.
=534  \\$pMedia source original:$e1 videocassette of 1 (Mini DV) : sd., col. ; 1/4 in. SP.$mPanasonic DVM60.
=518  \\$aPerformed in Buenos Aires, Argentina, on June 14, 2007, as part of the Sixth Annual Hemispheric Institute Seminar entitled Corpolíticas en las Ámericas / Body Politics in the Americas : formations of race, class and gender.
=508  \\$aHemispheric Institute of Performance and Politics, producer ; Centro Cultural Recoleta, producer ; Susana Cook, creator ; Julián Mesri, original music ; Anurima Banerji, lighting design ; Gray Wetzler, videographer.
=511  0\$aSusana Cook, performer ; Guillermo Gómez-Peña, guest performer.
=520  \\$aVideo documentation of Susana Cooks The unPatriotic Act: Homeland inSecurities, performed as a part of the 6th Encuentro of the Hemispheric Institute of Performance and Politics, celebrated in June of 2007 in Buenos Aires, Argentina under the title CORPOLÍTICAS en las Américas: Formaciones de Raza, Clase y Género / Body Politics in the Americas: Formations of Race, Class and Gender. Susana Cook (www.susanacook.com) is an Argentinean-born, New York-based political theater worker. Since 1991, she presented more than 16 original shows in NY. During the 1980s, she presented her pieces at the Centro Parakultural in Buenos Aires. The unPatriotic Act: Homeland inSecurities is a solo performance on the spectacles of nationalism and homophobia that combines political satire and dark humor to unveil the links between the horrors unleashed by the repressive military dictatorship in Argentina and the current Bush regime in the United States.
=540  \\$aThere are copyright restrictions on this collection. For more information, go to the online version of this video.
=650  \0$aNationalism.
=650  \0$aHomophobia.
=653  \\$aPerformance and politics
=653  \\$aBody politics
=655  \7$aPerformance.$2nyu-hidvl
=655  \7$aTheater.$2nyu-hidvl
=655  \7$aCabaret.$2nyu-hidvl
=655  \7$aOne-woman show.$2nyu-hidvl
=655  \7$aLesbian theater.$2nyu-hidvl
=655  \7$aPolitical satire.$2nyu-hidvl
=700  1\$aCook, Susana.$4cre$4prf
=700  1\$aGómez-Peña, Guillermo.$4prf
=700  1\$aMesri, Julián.$4cmp
=700  1\$aBanerji, Anurima.$4lgd
=700  1\$aWetzler, Gray.$4vdg
=710  2\$aHemispheric Institute of Performance and Politics.$4pro
=710  2\$aCentro Cultural Recoleta (Buenos Aires, Argentina)$4pro
=710  2\$aHemispheric Institute Digital Video Library.
=711  2\$aHemispheric Institute Encuentro$n(6th :$d2007 :$cBuenos Aires, Argentina).$tCorpolíticas / Body politics in the Americas : formations of race, class and gender.
=856  40$uhttp://hdl.handle.net/2333.1/w6m9063c

