=LDR  03884cgm a2200697 a 4500
=001  000540979
=003  NNU
=004  NYUb13532210
=005  20090409171506.0
=006  m\\\\\\\\z\\\\\\\\
=007  vd\cvaizu
=007  vf\ciahou
=007  cr\cna
=007  cr\|||||||||||
=008  070905e20070610ag\028\\\\\\\\\\\\vlspa\d
=024  7\$aHI2007_126_01$2nyu-hidvl
=024  7\$aHI2007.126_01$2nyu-hidvl
=035  \\$a(NYU)NYUb13532210
=040  \\$aNNU$cNNU$eamim
=041  0\$aspa
=043  \\$as-pe---
=245  00$aInterview with Ana & Débora Correa (Grupo Cultural Yuyachkani)$h[videorecording].
=246  33$aInterview with Grupo Cultural Yuyachkani (Ana and Débora Correa)
=246  30$aAna & Débora Correa
=260  \\$c2007 June 10.
=300  \\$3master.$a1 videocassette of 1 (Digital Betacam) (28 min.) :$bsd., col. ;$c1/2 in.
=300  \\$3viewing copy.$a1 videodisc of 1 (DVD) (28 min.) :$bsd., col. ;$c4 3/4 in.
=530  \\$aAlso available online as streaming video.
=546  \\$aIn Spanish.
=500  \\$aTitle supplied by Hemispheric Institute.
=500  \\$aPart of the Hemispheric Institute Digital Video Library.
=534  \\$pMedia source original:$e1 videocassette of 1 (Mini DV) : sd., col. ; 1/4 in. SP.$mPanasonic DVM60.
=518  \\$aInterviewed in Buenos Aires, Argentina, on June 10, 2007, as part of the Sixth Annual Hemispheric Institute Seminar entitled Corpolíticas en las Ámericas / Body Politics in the Americas : formations of race, class and gender.
=508  \\$aHemispheric Institute of Performance and Politics, producer ; Centro Cultural Recoleta, producer ; Pilar Rau, videographer.
=511  0\$aAna Correa, interviewee ; Débora Correa, interviewee ; Katherine J. Nigh, interviewer.
=520  \\$aInterview with Ana and Débora Correa of the Grupo Cultural Yuyachkani, conducted by Katherine Nigh as a part of the 6th Encuentro of the Hemispheric Institute of Performance and Politics, celebrated in June of 2007 in Buenos Aires, Argentina under the title CORPOLÍTICAS en las Américas: Formaciones de Raza, Clase y Género / Body Politics in the Americas: Formations of Race, Class and Gender (http://hemi.nyu.edu/eng/seminar/2007/index.html). The Grupo Cultural Yuyachkani (www.yuyachkani.org) is a performance collective that works since 1971 at the forefront of theatrical experimentation, political performance, and collective creation focusing on embodied social memory, particularly in relation to questions of ethnicity and violence in Peru.
=540  \\$aThere are copyright restrictions on this collection. For more information, go to the online version of this video.
=600  10$aCorrea, Ana$vInterviews.
=600  10$aCorrea, Débora$vInterviews.
=610  20$aGrupo Cultural Yuyachkani$vInterviews.
=650  \0$aArts$xPolitical aspects$zPeru.
=650  \0$aPerforming arts$xPolitical aspects$zPeru.
=650  \0$aPerforming arts$zPeru.
=650  \0$aTheater$zPeru.
=653  \\$aBody politics
=653  \\$aPerformance and politics
=655  \7$aInterview.$2nyu-hidvl
=700  1\$aCorrea, Ana.$4ive
=700  1\$aCorrea, Débora.$4ive
=700  1\$aNigh, Katherine J.$4ivr
=700  1\$aRau, Pilar.$4vdg
=710  2\$aGrupo Cultural Yuyachkani.$4ive
=710  2\$aHemispheric Institute of Performance and Politics.$4pro
=710  2\$aCentro Cultural Recoleta (Buenos Aires, Argentina)$4pro
=710  2\$aHemispheric Institute Digital Video Library.
=711  2\$aHemispheric Institute Encuentro$n(6th :$d2007 :$cBuenos Aires, Argentina).$tCorpolíticas / Body politics in the Americas : formations of race, class and gender.
=856  40$uhttp://hdl.handle.net/2333.1/2280gbbx

