=LDR  03836ngm a2200505 a 4500
=001  003305799
=004  003305799
=005  20100219175428.0
=006  m\\\\\\\\z\\\\\\\\
=007  vd\cvaiz|
=007  cr\cna|||m|||a
=007  vd\cvaiz|
=007  cr\|||||||||||
=008  100219e20071109nyu008\\\\\\\\\\\\vleng\d
=024  7\$aHI2009_019_01$2nyu-hidvl
=024  7\$aHI2009.019_01$2nyu-hidvl
=040  \\$aNNU$beng$cNNU
=079  \\$a(OCoLC)607286837
=245  00$aInterview with Tracy Davis$h[videorecording] :$bwhat is performance studies?
=246  3\$aTracy Davis
=260  \\$c2007 Nov. 9.
=300  \\$3viewing copy.$a1 videodisc of 1 (DVD) (8 min.) :$bsd., col. ;$c4 3/4 in.
=490  1\$aInterview series : What is performance studies?
=500  \\$aTitle supplied by Hemispheric Institute.
=500  \\$aPart of the Hemispheric Institute Digital Video Library.
=518  \\$aFilmed in New York, NY, on November 9, 2007.
=508  \\$aHemispheric Institute of Performance and Politics, producer.
=511  0\$aTracy Davis, interviewee ; Diana Taylor, interviewer.
=520  \\$aInterview with Tracy Davis, conducted by Diana Taylor, founding director of the Hemispheric Institute of Performance and Politics. This interview is a part of a series curated by the Hemispheric Institute, articulated around the question 'What is Performance Studies?' The series aims to provide a multifaceted approach to the often difficult task of defining the coordinates of both a field of academic study as well as a lens through which to assess and document cultural practice and embodied behavior. The contingent definitions documented in this series are based on the groundbreaking experiences and the scholarly endeavors of renowned figures in contemporary performance studies and practice.
=520  \\$aTracy C. Davis (Ph.D. University of Warwick) holds a joint appointment in the Departments of English, Theatre, and Performance Studies, and is Director of the Interdisciplinary Ph.D. in Theatre and Drama at Northwestern University. A feminist theater historian, her areas of interest include 19C British theater history, gender and theater, economics and business history of theater, performance theory, research methodology, museum studies, and Cold War studies. She is the author of Actresses as Working Women: Their Social Identity in Victorian Culture (1991), George Bernard Shaw and the Socialist Theatre (1994), The Economics of the British Stage, 1800-1914 (2000), Stages of Emergency: Cold War Nuclear Civil Defense (2007), The Performing Century: Nineteenth-Century Theatres History (2008), and The Cambridge Companion to Performance Studies (2008), and co-editor of Playwriting and Nineteenth-Century British Women (1999), Theories of Theatricality (2002), and Considering Calamity: Methods for Performance Research (2007). She is General Editor of the Theatre and Performance Theory series for Cambridge University Press.
=530  \\$aAlso available online as streaming video.
=534  \\$pMedia source original:$e1 videocassette of 1 (Mini DV) : sd., col. ; 1/4 in. SP.
=540  \\$aThere are copyright restrictions on this collection. For more information, go to the online version of this video.
=600  10$aDavis, Tracy C.,$d1960-$vInterviews.
=650  \0$aPerforming arts$xStudy and teaching.
=653  \\$aPerformance studies.
=655  \7$aInterview.$2nyu-hidvl
=700  1\$aDavis, Tracy C.,$d1960-$4ive
=700  1\$aTaylor, Diana,$d1950-$4ivr
=710  2\$aHemispheric Institute of Performance and Politics.$4pro
=710  2\$aHemispheric Institute Digital Video Library.
=830  \0$aInterview series : What is performance studies?
=856  40$uhttp://hdl.handle.net/2333.1/9s4mw765

