=LDR  04103cgm a2200685 a 4500
=001  000549477
=003  NNU
=004  NYUb13541315
=005  20090409171513.0
=006  m\\\\\\\\z\\\\\\\\
=007  vd\cvaizu
=007  vf\ciahou
=007  cr\cna
=007  cr\|||||||||||
=008  071003e20070613ag\028\\\\\\\\\\\\vlspa\d
=024  7\$aHI2007_173_01$2nyu-hidvl
=024  7\$aHI2007.173_01$2nyu-hidvl
=035  \\$a(NYU)NYUb13541315
=040  \\$aNNU$cNNU$eamim
=041  0\$aspa
=043  \\$as-cl---
=245  00$aSilvio de Gracia$h[videorecording] :$bCuerpo torturado, cuerpo recuperado.
=246  30$aCuerpo torturado, cuerpo recuperado
=246  3\$aTortured body, recovered body
=260  \\$c2007 June 13.
=300  \\$3master.$a1 videocassette of 1 (Digital Betacam) (28 min.) :$bsd., col. ;$c1/2 in.
=300  \\$3viewing copy.$a1 videodisc of 1 (DVD) (28 min.) :$bsd., col. ;$c4 3/4 in.
=530  \\$aAlso available online as streaming video.
=546  \\$aIn Spanish.
=500  \\$aTitle supplied by Hemispheric Institute.
=500  \\$aPart of the Hemispheric Institute Digital Video Library.
=534  \\$pMedia source original:$e1 videocassette of 1 (Mini DV) : sd., col. ; 1/4 in. SP.$mPanasonic DVM60.
=518  \\$aPerformed at Centro Cultural Recoleta, Buenos Aires, Argentina, on June 13, 2007, as part of the Sixth Annual Hemispheric Institute Seminar entitled Corpolíticas en las Ámericas / Body Politics in the Americas : formations of race, class and gender.
=508  \\$aHemispheric Institute of Performance and Politics, producer ; Centro Cultural Recoleta, producer ; Silvio de Gracia, creator ; Dexter Miranda, videographer.
=511  1\$aSilvio de Gracia.
=520  \\$aVideo documentation of Silvio De Gracias performance Cuerpo torturado / Cuerpo recuperado (Tortured Body / Recovered Body) presented as a part of the 6th Encuentro of the Hemispheric Institute of Performance and Politics, celebrated in June of 2007 in Buenos Aires, Argentina under the title CORPOLÍTICAS en las Américas: Formaciones de Raza, Clase y Género / Body Politics in the Americas: Formations of Race, Class and Gender. Silvio De Gracia is an interdisciplinary Argentinean artist and the director of HOTEL DaDA, a journal of mail art and visual poetry. He organizes a video-art festival in Junín, Buenos Aires, Argentina. Cuerpo torturado / Cuerpo recuperado is based on the destructive actions that verge on self-aggression to allude to the political violence and the flagellation of the social body under Augusto Pinochets military dictatorship in Chile. This video also includes a post-performance discussion with the artist, moderated by Marlène Ramírez-Cancio.
=540  \\$aThere are copyright restrictions on this collection. For more information, go to the online version of this video.
=600  10$aPinochet Ugarte, Augusto.
=650  \0$aDictatorship$zChile$xHistory$y20th century.
=650  \0$aDictators$zChile$xHistory$y20th century.
=651  \0$aChile$xHistory$y1973-1988.
=651  \0$aChile$xHistory$y20th century.
=651  \0$aChile$xHistory, Military$y20th century.
=653  \\$aPerformance and politics
=653  \\$aBody politics
=655  \7$aPerformance.$2nyu-hidvl
=655  \7$aPerformance art.$2nyu-hidvl
=655  \7$aPolitical performance.$2nyu-hidvl
=655  \7$aOne-person show (Performing arts)$2nyu-hidvl
=700  1\$aDe Gracia, Silvio.$4cre$4prf
=700  1\$aMiranda, Dexter.$4vdg
=710  2\$aHemispheric Institute of Performance and Politics.$4pro
=710  2\$aCentro Cultural Recoleta (Buenos Aires, Argentina)$4pro
=710  2\$aHemispheric Institute Digital Video Library.
=711  2\$aHemispheric Institute Encuentro$n(6th :$d2007 :$cBuenos Aires, Argentina).$tCorpolíticas / Body politics in the Americas : formations of race, class and gender.
=856  40$uhttp://hdl.handle.net/2333.1/8gtht7gr

