=LDR  04411ngm a2200541 a 4500
=001  003335391
=004  003335391
=005  20110615135133.0
=006  m\\\\\\\\z\\\\\\\\
=007  vd\cvaiz|
=007  cr\cna|||m|||a
=007  vd\cvaiz|
=007  cr\|||||||||||
=008  100602e20071207nyu013\\\\\\\\\\\\vleng\d
=024  7\$aHI2009_025_01$2nyu-hidvl
=040  \\$aNNU$beng$cNNU
=079  \\$a(OCoLC)639465587
=245  00$aInterview with Darrell Dennis$h[videorecording].
=246  3\$aDarrell Dennis
=260  \\$c2007 Dec. 7.
=300  \\$3viewing copy.$a1 videodisc of 1 (DVD) (13 min.) :$bsd., col. ;$c4 3/4 in.
=490  1\$aInterview series : Native Theater Festival at the Public Theater (2007-2008)
=500  \\$aTitle supplied by Hemispheric Institute.
=500  \\$aPart of the Hemispheric Institute Digital Video Library.
=518  \\$aFilmed at The Public Theater in New York, NY, on December 7, 2007.
=508  \\$aHemispheric Institute of Performance and Politics, producer.
=511  0\$aDarrell Dennis, interviewee ; Elizabeth Richards, interviewer.
=520  \\$aIn December of 2007, as part of its Native Theater Festival, the Public Theater brought Native theater professionals from around the U.S. and Canada to New York City for a series of readings and discussions. The five-day festival included play readings, post-performance discussions, concerts, roundtables, and the performance of Darrell Dennis' 'Tales of and Urban Indian.' This video documents an interview with Darrell Dennis, conducted by Elizabeth Richards as a part of a supplementary Native Theater Festival interview series.
=520  \\$aDarrell is a first nations writer from the Shuswap Nation in the interior of British Columbia. Darrell is a produced playwright and an award-winning writer for television. His script 'Moccasin Flats' was accepted into the 2003 Sundance Film Festival. The short film was later transformed into a television series which Darrell also wrote for. As an actor, Darrell is best known for his roles in such television series as 'Northwood' and 'The Rez.' His feature film credits include: 'Leaving Normal,''Shania: A Life in Eight Albums,' and 'Indian Summer: The Oka Crisis.' Darrell is a two time Dora Award nominee for his one man show 'Tales of an Urban Indian.' He is also an alumnus of the Second City National Touring Company. His playwriting credits include 'Trickster of Third Avenue East' and 'Tales of An Urban Indian,' published by Canada Playwrights Press. Elizabeth Theobald Richards is an experienced arts administrator, strategic planner, theater artist and Native arts advocate. An enrolled member of the Cherokee Nation of Oklahoma, she is the first Native American to serve as a Program Officer at the Ford Foundation. She was Director of the Public Programs for the Mashantucket Pequot Museum and Research Center in Connecticut, the largest tribal museum and library in the U.S. She oversaw the planning, development and implementation of all interpretive, educational and artistic programs presented to the public. For the past twelve years she has also worked as a playwright and director, developing scripts by Native American writers and has successfully brokered artistic connections between Native artists, mainstream organizations and other ethnic/racial groups.
=530  \\$aAlso available online as streaming video.
=534  \\$pMedia source original:$e1 videocassette of 1 (Mini DV) : sd., col. ; 1/4 in. SP.$mPanasonic DVM60.
=540  \\$aThere are copyright restrictions on this collection. For more information, go to the online version of this video.
=600  10$aDennis, Darrell$q(Darrell Michael)$vInterviews.
=650  \0$aIndians of North America.
=650  \0$aIndigenous peoples.
=650  \0$aTheater.
=650  \0$aPerforming arts.
=653  \\$aNative Americans.
=653  \\$aNative Theater Festival.
=655  \7$aInterview.$2nyu-hidvl
=700  1\$aDennis, Darrell$q(Darrell Michael)$4ive
=700  1\$aRichards, Elizabeth Theobald.$4ivr
=710  2\$aHemispheric Institute of Performance and Politics.$4pro
=710  2\$aHemispheric Institute Digital Video Library.
=830  \0$aInterview series : Native Theater Festival at the Public Theater (2007-2008)
=856  40$uhttp://hdl.handle.net/2333.1/j9kd5213

