=LDR  04041cgm a2200685 a 4500
=001  000541421
=003  NNU
=004  NYUb13532677
=005  20090409171523.0
=006  m\\\\\\\\z\\\\\\\\
=007  vd\cvaizu
=007  vf\ciahou
=007  cr\cna
=007  cr\|||||||||||
=008  070906e20070615ag\076\\\\\\\\\\\\vlspa\d
=024  7\$aHI2007_149_01$2nyu-hidvl
=024  7\$aHI2007_150_01$2nyu-hidvl
=024  7\$aHI2007.149_01$2nyu-hidvl
=035  \\$a(NYU)NYUb13532677
=040  \\$aNNU$cNNU$eamim
=041  0\$aspa
=245  00$aDiamela Eltit keynote address$h[videorecording] :$bPliegues del cuerpo : los síntomas del poder
=246  30$aPliegues del cuerpo :$blos síntomas del poder
=246  3\$aFolds in the body :$bthe symptoms of power
=260  \\$c2007 June 15.
=300  \\$3master.$a2 videocassettes of 2 (Digital Betacam) (76 min.) :$bsd., col. ;$c1/2 in.
=300  \\$3viewing copy.$a2 videodiscs of 2 (DVD) (76 min. : pt.1, 60 min. ; pt.2, 16 min.) :$bsd., col. ;$c4 3/4 in.
=530  \\$aAlso available online as streaming video.
=546  \\$aIn Spanish.
=500  \\$aTitle supplied by Hemispheric Institute.
=500  \\$aPart of the Hemispheric Institute Digital Video Library.
=534  \\$pMedia source original:$e2 videocassettes of 2 (Mini DV) : sd., col. ; 1/4 in. SP.$mPanasonic DVM60.
=518  \\$aAddress given in Buenos Aires (auditorium, Buenos Aires Design), Argentina, on June 15, 2007, as part of the Sixth Annual Hemispheric Institute Seminar entitled Corpolíticas en las Ámericas / Body Politics in the Americas : formations of race, class and gender.
=508  \\$aHemispheric Institute of Performance and Politics, producer ; Centro Cultural Recoleta, producer ; Diamela Eltit, creator ; Sylvia Molloy, introducer ; Thomas Duc, videographer.
=511  0\$aDiamela Eltit, keynote speaker.
=520  \\$aVideo documentation of Diamela Eltits keynote address, Pliegues del cuerpo: Los síntomas del poder (Folds in the Body: The Symptoms of Power), presented as a part of the 6th Encuentro of the Hemispheric Institute of Performance and Politics, celebrated in June of 2007 in Buenos Aires, Argentina under the title CORPOLÍTICAS en las Ámericas: Formaciones de Raza, Clase y Género / Body Politics in the Americas: Formations of Race, Class and Gender. Pliegues del cuerpo: Los síntomas del poder approaches the effects of the body (of certain bodies) in the political arena and in aesthetic spaces. It also posits the body as a symptom and an effect, examining the trail of power it leaves in its wake. Diamela Eltit is a Chilean writer. She studied literature at the Universidad Católica de Chile and at the Universidad de Chile. She is a founding member of the interdisciplinary group CADA.
=540  \\$aThere are copyright restrictions on this collection. For more information, go to the online version of this video.
=650  \0$aPower (Social sciences)
=650  \0$aPower (Social sciences)$xPolitical aspects.
=650  \0$aPower (Social sciences)$xSocial aspects.
=653  \\$aEmbodiment
=653  \\$aPerformance and politics
=653  \\$aBody politics
=655  \7$aKeynote address.$2nyu-hidvl
=700  1\$aEltit, Diamela,$d1949-$4cre$4spk
=700  1\$aMolloy, Sylvia.$4aui
=700  1\$aDuc, Thomas.$4vdg
=710  2\$aHemispheric Institute of Performance and Politics.$4pro
=710  2\$aCentro Cultural Recoleta (Buenos Aires, Argentina)$4pro
=710  2\$aHemispheric Institute Digital Video Library.
=711  2\$aHemispheric Institute Encuentro$n(6th :$d2007 :$cBuenos Aires, Argentina).$tCorpolíticas / Body politics in the Americas : formations of race, class and gender.
=853  00$81$apt.
=863  50$81.1$a1$p31142045979765
=863  50$81.2$a2$p31142045979773
=856  40$uhttp://hdl.handle.net/2333.1/bcc2fr6r
=954  \\$81$aVolumes

