=LDR  03740cgm a2200649 a 4500
=001  000549521
=003  NNU
=004  NYUb13541363
=005  20100805105809.0
=006  m\\\\\\\\z\\\\\\\\
=007  vd\cvaizu
=007  vf\ciahou
=007  cr\cna
=007  \\vd
=007  cr\|||||||||||
=008  071003e20070614ag\072\\\\\\\\\\\\vlspa\d
=024  7\$aHI2007_176_01$2nyu-hidvl
=024  7\$aHI2007_177_01$2nyu-hidvl
=024  7\$aHI2007.176_01$2nyu-hidvl
=035  \\$a(NYU)NYUb13541363
=040  \\$aNNU$cNNU$eamim
=041  0\$aspa
=043  \\$as-ag---
=245  00$aLiliana Felipe en concierto$h[videorecording]
=246  31$aLiliana Felipe in concert
=260  \\$c2007 June 14.
=300  \\$3master.$a2 videocassettes of 2 (Digital Betacam) (72 min.) :$bsd., col. ;$c1/2 in.
=300  \\$3viewing copy.$a2 videodiscs of 2 (DVD) (72 min. : pt.1, 61 min. ; pt.2, 11 min.) :$bsd., col. ;$c4 3/4 in.
=530  \\$aAlso available online as streaming video.
=546  \\$aIn Spanish.
=500  \\$aTitle supplied by Hemispheric Institute.
=500  \\$aPart of the Hemispheric Institute Digital Video Library.
=534  \\$pMedia source original:$e2 videocassettes of 2 (Mini DV) : sd., col. ; 1/4 in. SP.$mPanasonic DVM60.
=518  \\$aPerformed at Teatro Empire, Buenos Aires, Argentina, on June 14, 2007, as part of the Sixth Annual Hemispheric Institute Seminar entitled Corpolíticas en las Ámericas / Body Politics in the Americas : formations of race, class and gender.
=508  \\$aHemispheric Institute of Performance and Politics, producer ; Centro Cultural Recoleta, producer ; Liliana Felipe, creator ; Abeyamí Ortega, videographer.
=511  0\$aLiliana Felipe, performer ; Jesusa Rodríguez, guest performer.
=520  \\$aKinda decent, kinda slutty, but were The Bosses, buddy. Liliana Felipe (www.elhabito.com.mx) is a composer, singer, gardener, tango musician, and clergyphobe. She left Argentina for Mexico just before the military coup in 1976, but her sister and brother-in-law remain among the 30,000 disappeared. This video documents Liliana Felipes concert presented as a part of the 6th Encuentro of the Hemispheric Institute of Performance and Politics, celebrated in June of 2007 in Buenos Aires, Argentina under the title CORPOLÍTICAS en las Américas: Formaciones de Raza, Clase y Género / Body Politics in the Americas: Formations of Race, Class and Gender. Liliana Felipe performs her repertoire, following the many absences left in the wake of Argentinas last dictatorship. Guest performer is her partner (in life, in art), Mexican performer and activist Jesusa Rodríguez.
=540  \\$aThere are copyright restrictions on this collection. For more information, go to the online version of this video.
=650  \0$aDisappeared persons$zArgentina.
=655  \7$aPerformance.$2nyu-hidvl
=655  \7$aConcert.$2nyu-hidvl
=700  1\$aFelipe, Liliana.$4cre$4prf
=700  1\$aRodríguez, Jesusa.$4prf
=700  1\$aOrtega, Abeyamí.$4vdg
=710  2\$aHemispheric Institute of Performance and Politics.$4pro
=710  2\$aCentro Cultural Recoleta (Buenos Aires, Argentina)$4pro
=710  2\$aHemispheric Institute Digital Video Library.
=711  2\$aHemispheric Institute Encuentro$n(6th :$d2007 :$cBuenos Aires, Argentina).$tCorpolíticas / Body politics in the Americas : formations of race, class and gender.
=853  00$81$apt.
=863  50$81.1$a1$p31142046116177
=863  50$81.2$a2$p31142046116185
=856  40$uhttp://hdl.handle.net/2333.1/0zpc86gh
=954  \\$81$aVolume

