=LDR  03652cgm a2200613 a 4500
=001  000541270
=003  NNU
=004  NYUb13532517
=005  20090409171833.0
=006  m\\\\\\\\z\\\\\\\\
=007  vd\cvaizu
=007  vf\ciahou
=007  cr\cna
=007  cr\|||||||||||
=008  070906e20070609ag\024\\\\\\\\\\\\vlspa\d
=024  7\$aHI2007_136_01$2nyu-hidvl
=024  7\$aHI2007.136_01$2nyu-hidvl
=035  \\$a(NYU)NYUb13532517
=040  \\$aNNU$cNNU$eamim
=041  0\$aspa
=245  00$aInterview with María Galindo (Mujeres Creando)$h[videorecording]
=246  30$aMaría Galindo
=260  \\$c2007 June 9.
=300  \\$3master.$a1 videocassette of 1 (Digital Betacam) 24 min.) :$bsd., col. ;$c1/2 in.
=300  \\$3viewing copy.$a1 videodisc of 1 (DVD) (24 min.) :$bsd., col. ;$c4 3/4 in.
=530  \\$aAlso available online as streaming video.
=546  \\$aIn Spanish.
=500  \\$aTitle supplied by Hemispheric Institute.
=500  \\$aPart of the Hemispheric Institute Digital Video Library.
=534  \\$pMedia source original:$e1 videocassette of 1 (Mini DV) : sd., col. ; 1/4 in. SP.$mPanasonic DVM60.
=518  \\$aInterviewed in Buenos Aires, Argentina, on June 9, 2007, as part of the Sixth Annual Hemispheric Institute Seminar entitled Corpolíticas en las Ámericas / Body Politics in the Americas : formations of race, class and gender.
=508  \\$aHemispheric Institute of Performance and Politics, producer ; Centro Cultural Recoleta, producer ; Gray Wetzler, videographer.
=511  0\$aMaría Galindo, interviewee ; Diana Taylor, interviewer.
=520  \\$aInterview with María Galindo of Mujeres Creando, conducted by Diana Taylor as a part of the 6th Encuentro of the Hemispheric Institute of Performance and Politics, celebrated in June of 2007 in Buenos Aires, Argentina under the title CORPOLÍTICAS en las Américas: Formaciones de Raza, Clase y Género / Body Politics in the Americas: Formations of Race, Class and Gender (http://hemi.nyu.edu/eng/seminar/2007/index.html). María Galindo is co-founder of Mujeres Creando (www.mujerescreando.org), an anarchist-feminist group created in 1992 in La Paz, Bolivia, that performs creative actions on the streets, produces videos, has its own newspaper and publishes books of poetry, feminist theory and sexuality, among other things. It is comprised of women of different cultural, social, and ethereal origins, and approaches creativity as an instrument of resistance and social participation.
=540  \\$aThere are copyright restrictions on this collection. For more information, go to the online version of this video.
=600  10$aGalindo, María$vInterviews.
=610  20$aMujeres Creando (Organization)
=650  \0$aSocial participation.
=650  \0$aPerforming arts$xPolitical aspects.
=653  \\$aBody politics
=653  \\$aPerformance and politics
=655  \7$aInterview.$2nyu-hidvl
=700  1\$aGalindo, María.$4ive
=700  1\$aTaylor, Diana,$d1950-$4ivr
=700  1\$aWetzler, Gray.$4vdg
=710  2\$aHemispheric Institute of Performance and Politics.$4pro
=710  2\$aCentro Cultural Recoleta (Buenos Aires, Argentina)$4pro
=710  2\$aHemispheric Institute Digital Video Library.
=711  2\$aHemispheric Institute Encuentro$n(6th :$d2007 :$cBuenos Aires, Argentina).$tCorpolíticas / Body politics in the Americas : formations of race, class and gender.
=856  40$uhttp://hdl.handle.net/2333.1/rn8pk111

