=LDR  03724cgm a2200661 a 4500
=001  000540997
=003  NNU
=004  NYUb13532228
=005  20090409171839.0
=006  m\\\\\\\\z\\\\\\\\
=007  vd\cvaizu
=007  vf\ciahou
=007  cr\cna
=007  cr\|||||||||||
=008  070905e20070612ag\016\\\\\\\\\\\\vlspa\d
=024  7\$aHI2007_128_01$2nyu-hidvl
=024  7\$aHI2007.128_01$2nyu-hidvl
=035  \\$a(NYU)NYUb13532228
=040  \\$aNNU$cNNU$eamim
=041  0\$aspa
=043  \\$as-ag---
=245  00$aInterview with Stella Giaquinta & Nora Mouriño (Grupo de Teatro Catalinas Sur)$h[videorecording]
=246  3\$aInterview with Grupo de Teatro Catalinas Sur (Stella Giaquinta & Nora Mouriño)
=246  30$aStella Giaquinta & Nora Mouriño
=260  \\$c2007 June 12.
=300  \\$3master.$a1 videocassette of 1 (Digital Betacam) (16 min.) :$bsd., col. ;$c1/2 in.
=300  \\$3viewing copy.$a1 videodisc of 1 (DVD) (16 min.) :$bsd., col. ;$c4 3/4 in.
=530  \\$aAlso available online as streaming video.
=546  \\$aIn Spanish.
=500  \\$aTitle supplied by Hemispheric Institute.
=500  \\$aPart of the Hemispheric Institute Digital Video Library.
=534  \\$pMedia source original:$e1 videocassette of 1 (Mini DV) : sd., col. ; 1/4 in. SP.$mPanasonic DVM60.
=518  \\$aInterviewed in Buenos Aires, Argentina, on June 12, 2007, as part of the Sixth Annual Hemispheric Institute Seminar entitled Corpolíticas en las Ámericas / Body Politics in the Americas : formations of race, class and gender.
=508  \\$aHemispheric Institute of Performance and Politics, producer ; Centro Cultural Recoleta, producer ; Pilar Rau, videographer.
=511  0\$aStella Giaquinto, interviewee ; Nora Mouriño, interviewee ; Julieta Infantino, interviewer.
=520  \\$aInterview with Stella Giaquinto and Nora Mouriño of the Grupo de Teatro Catalinas Sur, conducted by Julieta Infantino as a part of the 6th Encuentro of the Hemispheric Institute of Performance and Politics, celebrated in June of 2007 in Buenos Aires, Argentina under the title CORPOLÍTICAS en las Américas: Formaciones de Raza, Clase y Género / Body Politics in the Americas: Formations of Race, Class and Gender (http://hemi.nyu.edu/eng/seminar/2007/index.html). The Grupo de Teatro Catalinas Sur (www.catalinasur.com.ar) is a popular theater group (a hundred performers orchestra big puppets) from the neighborhood of La Boca, Buenos Aires, Argentina.
=540  \\$aThere are copyright restrictions on this collection. For more information, go to the online version of this video.
=600  10$aGiaquinto, Stella$vInterviews.
=600  10$aMouriño, Nora$vInterviews.
=610  20$aGrupo de Teatro Catalinas Sur$vInterviews.
=650  \0$aCommunity theater$zArgentina.
=653  \\$aBody politics
=653  \\$aPerformance and politics
=655  \7$aInterview.$2nyu-hidvl
=700  1\$aGiaquinto, Stella.$4ive
=700  1\$aMouriño, Nora.$4ive
=700  1\$aInfantino, Julieta.$4ivr
=700  1\$aRau, Pilar.$4vdg
=710  2\$aGrupo de Teatro Catalinas Sur.$4ive
=710  2\$aHemispheric Institute of Performance and Politics.$4pro
=710  2\$aCentro Cultural Recoleta (Buenos Aires, Argentina)$4pro
=710  2\$aHemispheric Institute Digital Video Library.
=711  2\$aHemispheric Institute Encuentro$n(6th :$d2007 :$cBuenos Aires, Argentina).$tCorpolíticas / Body politics in the Americas : formations of race, class and gender.
=856  40$uhttp://hdl.handle.net/2333.1/sn02v76k

