=LDR  04264ngm a2200541 a 4500
=001  003335394
=004  003335394
=005  20110615135118.0
=006  m\\\\\\\\z\\\\\\\\
=007  vd\cvaiz|
=007  cr\cna|||m|||a
=007  vd\cvaiz|
=007  cr\|||||||||||
=008  100602e20071207nyu010\\\\\\\\\\\\vleng\d
=024  7\$aHI2009_027_01$2nyu-hidvl
=040  \\$aNNU$beng$cNNU
=079  \\$a(OCoLC)639465597
=245  00$aInterview with Diane Glancy$h[videorecording].
=246  3\$aDiane Glancy
=260  \\$c2007 Dec. 7.
=300  \\$3viewing copy.$a1 videodisc of 1 (DVD) (10 min.) :$bsd., col. ;$c4 3/4 in.
=490  1\$aInterview series : Native Theater Festival at the Public Theater (2007-2008)
=500  \\$aTitle supplied by Hemispheric Institute.
=500  \\$aPart of the Hemispheric Institute Digital Video Library.
=518  \\$aFilmed at The Public Theater in New York, NY, on December 7, 2007.
=508  \\$aHemispheric Institute of Performance and Politics, producer.
=511  0\$aDiane Glancy, interviewee ; Sheila Tousey, interviewer.
=520  \\$aIn December of 2007, as part of its Native Theater Festival, the Public Theater brought Native theater professionals from around the U.S. and Canada to New York City for a series of readings and discussions. The five-day festival included play readings, post-performance discussions, concerts, roundtables, and the performance of Darrell Dennis' 'Tales of and Urban Indian.' This video documents an interview with Diane Glancy, conducted by Sheila Tousey as a part of a supplementary Native Theater Festival interview series.
=520  \\$aDiane Glancy (Cherokee) is a professor at Macalester College in St. Paul, Minnesota, where she has taught Native American Literature and Creative Writing. She received her M.F.A. from the University of Iowa. Glancy has published two books of plays, 'American Gypsy' (University of Oklahoma Press, 2002), and 'War Cries' (Holy Cow! 1998). A group of shorter plays, 'The Sum of Winter,' and an introduction to factional theater appear online at www.alexanderstreet.com. Glancy has also published novels, short stories, essays, and poetry. She received the Native American Prose Award, an American Book Award, a Minnesota Book Award and an Oklahoma Book Award. She was the recipient of a 2003 National Endowment for the Arts Fellowship. She was awarded the 2002 Cherokee Medal of Honor and the Thomas Jefferson Teaching Award from Macalester College. Other awards include a 2005 Voice & Visions Summer Theatre Fellowship at Bard College; Many Voices Playwriting Fellowship at The Playwrights' Center, Minneapolis; the Five Civilized Tribes Playwriting Laureate Prize, Muskogee, Oklahoma; and a 1998 Sundance Native American Screenwriting Fellowship. Sheila (Menominee and Stockbridge-Munsee) has acted in many productions in NYC and regional theaters across the U.S. Some of the directors she has worked with include Joann Akalaitis, Joe Chaiken, Linda Chapman, Kennetch Charlette, Liviu Ciulei, David Esbjornson, Hanay Geiogamah (American Indian Dance Theater), Muriel Miguel, Lisa Peterson, Betsy Richards, Sam Shepard, Tony Taccone, Paul Walker and Robert Woodruff. Training: MFA NYU Graduate Acting Program.
=530  \\$aAlso available online as streaming video.
=534  \\$pMedia source original:$e1 videocassette of 1 (Mini DV) : sd., col. ; 1/4 in. SP.$mPanasonic DVM60.
=540  \\$aThere are copyright restrictions on this collection. For more information, go to the online version of this video.
=600  10$aGlancy, Diane$vInterviews.
=650  \0$aIndians of North America.
=650  \0$aIndigenous peoples.
=650  \0$aTheater.
=650  \0$aPerforming arts.
=653  \\$aNative Americans.
=653  \\$aNative Theater Festival.
=655  \7$aInterview.$2nyu-hidvl
=700  1\$aGlancy, Diane.$4ive
=700  1\$aTousey, Sheila.$4ivr
=710  2\$aHemispheric Institute of Performance and Politics.$4pro
=710  2\$aHemispheric Institute Digital Video Library.
=830  \0$aInterview series : Native Theater Festival at the Public Theater (2007-2008)
=856  40$uhttp://hdl.handle.net/2333.1/8sf7m0z1

