=LDR  03908cgm a2200661 a 4500
=001  000549423
=003  NNU
=004  NYUb13541258
=005  20090409171844.0
=006  m\\\\\\\\z\\\\\\\\
=007  vd\cvaizu
=007  vf\ciahou
=007  cr\cna
=007  cr\|||||||||||
=008  071003e20070611ag\056\\\\\\\\\\\\vlspa\d
=024  7\$aHI2007_170_01$2nyu-hidvl
=024  7\$aHI2007.170_01$2nyu-hidvl
=035  \\$a(NYU)NYUb13541258
=040  \\$aNNU$cNNU$eamim
=041  0\$aspa
=245  00$aMujeres Creando$h[videorecording] :$bVerbo hecho carne, carne sin verbo.
=246  30$aVerbo hecho carne, carne sin verbo
=246  3\$aWord made flesh, wordless flesh
=260  \\$c2007 June 11.
=300  \\$3master.$a1 videocassette of 1 (Digital Betacam) (56 min.) :$bsd., col. ;$c1/2 in.
=300  \\$3viewing copy.$a1 videodisc of 1 (DVD) (56 min.) :$bsd., col. ;$c4 3/4 in.
=530  \\$aAlso available online as streaming video.
=546  \\$aIn Spanish.
=500  \\$aTitle supplied by Hemispheric Institute.
=500  \\$aPart of the Hemispheric Institute Digital Video Library.
=534  \\$pMedia source original:$e1 videocassette of 1 (Mini DV) : sd., col. ; 1/4 in. SP.$mPanasonic DVM60.
=518  \\$aPerformed at Centro Cultural Recoleta, Buenos Aires, Argentina, on June 11, 2007, as part of the Sixth Annual Hemispheric Institute Seminar entitled Corpolíticas en las Ámericas / Body Politics in the Americas : formations of race, class and gender.
=508  \\$aHemispheric Institute of Performance and Politics, producer ; Centro Cultural Recoleta, producer ; Mujeres Creando, creator ; Beatrice Glow, videographer.
=511  1\$aMaría Galindo, Zulema Valdivia, Mónica Serrate.
=520  \\$aVideo documentation of Mujeres Creandos presentation Verbo hecho carne, carne sin verbo (Words Made Flesh, Wordless Flesh), performed as a part of the 6th Encuentro of the Hemispheric Institute of Performance and Politics, celebrated in June of 2007 in Buenos Aires, Argentina under the title CORPOLÍTICAS en las Américas: Formaciones de Raza, Clase y Género / Body Politics in the Americas: Formations of Race, Class and Gender. Mujeres Creando (www.mujerescreando.org) is an autonomous feminist movement created in 1992 in La Paz, Bolivia. It is comprised of women of different cultural, social, and ethereal origins, and approaches creativity as an instrument of resistance and social participation. Verbo hecho carne, carne sin verbo is comprised of two types of actions: 1- Graffiti on cloth with a talk; and 2- Collective graffiti in the streets close to the event, with whomever wished to participate.
=540  \\$aThere are copyright restrictions on this collection. For more information, go to the online version of this video.
=650  \0$aFeminism.
=650  \0$aFeminists.
=650  \0$aWomen political activists.
=650  \0$aPolitical participation.
=650  \0$aSocial participation.
=653  \\$aPerformance and politics
=653  \\$aBody politics
=655  \7$aPerformance.$2nyu-hidvl
=655  \7$aAcción-Conferencia.$2nyu-hidvl
=655  \7$aFeminist performance.$2nyu-hidvl
=655  \7$aPolitical performance.$2nyu-hidvl
=700  1\$aGlow, Beatrice.$4vdg
=710  2\$aMujeres Creando (Organization)$4cre
=710  2\$aHemispheric Institute of Performance and Politics.$4pro
=710  2\$aCentro Cultural Recoleta (Buenos Aires, Argentina)$4pro
=710  2\$aHemispheric Institute Digital Video Library.
=711  2\$aHemispheric Institute Encuentro$n(6th :$d2007 :$cBuenos Aires, Argentina).$tCorpolíticas / Body politics in the Americas : formations of race, class and gender.
=856  40$uhttp://hdl.handle.net/2333.1/np5hqc8f

