=LDR  03381cgm a2200601 a 4500
=001  000540947
=003  NNU
=004  NYUb13532177
=005  20090409171849.0
=006  m\\\\\\\\z\\\\\\\\
=007  vd\cvaizu
=007  vf\ciahou
=007  cr\cna
=007  cr\|||||||||||
=008  070905e20070609ag\020\\\\\\\\\\\\vlspa\d
=024  7\$aHI2007_125_01$2nyu-hidvl
=024  7\$aHI2007.125_01$2nyu-hidvl
=035  \\$a(NYU)NYUb13532177
=040  \\$aNNU$cNNU$eamim
=041  0\$aspa
=245  00$aInterview with Miriam Gomes$h[videorecording]
=246  30$aMiriam Gomes
=260  \\$c2007 June 9.
=300  \\$3master.$a1 videocassette of 1 (Digital Betacam) (20 min.) :$bsd., col. ;$c1/2 in.
=300  \\$3viewing copy.$a1 videodisc of 1 (DVD) (20 min.) :$bsd., col. ;$c4 3/4 in.
=530  \\$aAlso available online as streaming video.
=546  \\$aIn Spanish.
=500  \\$aTitle supplied by Hemispheric Institute.
=500  \\$aPart of the Hemispheric Institute Digital Video Library.
=534  \\$pMedia source original:$e1 videocassette of 1 (Mini DV) : sd., col. ; 1/4 in. SP.$mPanasonic DVM60.
=518  \\$aInterviewed in Buenos Aires, Argentina, on June 9, 2007, as part of the Sixth Annual Hemispheric Institute Seminar entitled Corpolíticas en las Ámericas / Body Politics in the Americas : formations of race, class and gender
=508  \\$aHemispheric Institute of Performance and Politics, producer ; Centro Cultural Recoleta, producer ; Gray Wetzler, videographer.
=511  0\$aMiriam Gomes, interviewee ; Claudia Briones, interviewer.
=520  \\$aInterview with Miriam Gomes, conducted by Claudia Briones as a part of the 6th Encuentro of the Hemispheric Institute of Performance and Politics, celebrated in June of 2007 in Buenos Aires, Argentina under the title CORPOLÍTICAS en las Américas: Formaciones de Raza, Clase y Género / Body Politics in the Americas: Formations of Race, Class and Gender (http://hemi.nyu.edu/eng/seminar/2007/index.html). Miriam Gomes belongs to the Cape Verdean community, an African-descended community that has been in Argentina for over a hundred years. She takes part in different organizations for the defense and diffusion of African cultural values and is the Vice President of the Cape Verde Society in Argentina.
=540  \\$aThere are copyright restrictions on this collection. For more information, go to the online version of this video.
=600  10$aGomes, Miriam$vInterviews.
=650  \0$aWomen dramatists, Argentine.
=653  \\$aAfro-Argentineans
=653  \\$aPerformance and politics
=653  \\$aBody politics
=655  \7$aInterview.$2nyu-hidvl
=700  1\$aGomes, Miriam.$4ive
=700  1\$aBriones, Claudia.$4ivr
=700  1\$aWetzler, Gray.$4vdg
=710  2\$aHemispheric Institute of Performance and Politics.$4pro
=710  2\$aCentro Cultural Recoleta (Buenos Aires, Argentina)$4pro
=710  2\$aHemispheric Institute Digital Video Library.
=711  2\$aHemispheric Institute Encuentro$n(6th :$d2007 :$cBuenos Aires, Argentina).$tCorpolíticas / Body politics in the Americas : formations of race, class and gender.
=856  40$uhttp://hdl.handle.net/2333.1/5tb2rbv1

