=LDR  04800cgm a2200805 a 4500
=001  000549498
=003  NNU
=004  NYUb13541338
=005  20090409171855.0
=006  m\\\\\\\\z\\\\\\\\
=007  vd\cvaizu
=007  vf\ciahou
=007  cr\cna
=007  \\vd
=007  cr\|||||||||||
=008  071003e20070613ag\064\\\\\\\\\\\\vleng\d
=024  7\$aHI2007_174_01$2nyu-hidvl
=024  7\$aHI2007_175_01$2nyu-hidvl
=024  7\$aHI2007.174_01$2nyu-hidvl
=035  \\$a(NYU)NYUb13541338
=040  \\$aNNU$cNNU$eamim
=041  0\$aeng$aspa
=245  00$aLa Pocha Nostra$h[videorecording] :$bMapa/corpo 2 : ritos interactivos para el nuevo milenio.
=246  30$aMapa/corpo 2 :$britos interactivos para el nuevo milenio
=246  30$aRitos interactivos para el nuevo milenio
=246  3\$aMapa/corpo 2 :$binteractive rituals for the new millennium
=246  3\$aInteractive rituals for the new millennium
=260  \\$c2007 June 13.
=300  \\$3master.$a2 videocassettes of 2 (Digital Betacam) (64 min.) :$bsd., col. ;$c1/2 in.
=300  \\$3viewing copy.$a2 videodiscs of 2 (DVD) (64 min. : pt.1, 57 min. ; pt.2, 7 min.) :$bsd., col. ;$c4 3/4 in.
=530  \\$aAlso available online as streaming video.
=546  \\$aIn English and Spanish.
=500  \\$aTitle supplied by Hemispheric Institute.
=500  \\$aPart of the Hemispheric Institute Digital Video Library.
=534  \\$pMedia source original:$e2 videocassettes of 2 (Mini DV) : sd., col. ; 1/4 in. SP.$mPanasonic DVM60.
=518  \\$aPerformed at Centro Cultural Recoleta, Buenos Aires, Argentina, on June 13, 2007, as part of the Sixth Annual Hemispheric Institute Seminar entitled Corpolíticas en las Ámericas / Body Politics in the Americas : formations of race, class and gender.
=508  \\$aHemispheric Institute of Performance and Politics, producer ; Centro Cultural Recoleta, producer ; La Pocha Nostra, creator ; Gray Wetzler, videographer.
=511  1\$aGuillermo Gómez-Peña, Roberto Sifuentes, María Estrada, Amapola Prada, Andrés Vinciauskas.
=520  \\$aVideo documentation of La Pocha Nostras Mapa/Corpo 2: Ritos interactivos para el nuevo milenio (Mapa/Corpo 2: Interactive Rituals for the New Millenium), performed as a part of the 6th Encuentro of the Hemispheric Institute of Performance and Politics, celebrated in June of 2007 in Buenos Aires, Argentina under the title CORPOLÍTICAS en las Américas: Formaciones de Raza, Clase y Género / Body Politics in the Americas: Formations of Race, Class and Gender. La Pocha Nostra (www.pochanostra.com) is an ever-morphing trans-disciplinary arts organization, founded in 1993 by Guillermo Gómez-Peña, Roberto Sifuentes, and Nola Mariano in California. The objective was to formally conceptualize Gómez-Peña's collaborations with other performance artists. It provides a base (and forum) for a loose network of rebel artists from various disciplines, generations and ethnic backgrounds, whose common denominator is the desire to cross and erase dangerous borders between art and politics, practice and theory, artist and spectator.'Mapa/Corpo' is a poetic interactive ritual that explores neo-colonization/de-colonization through acupuncture and the reenactment of the post-9/11 body politic.
=540  \\$aThere are copyright restrictions on this collection. For more information, go to the online version of this video.
=650  \0$aRitual in art.
=650  \0$aAcupuncture.
=650  \0$aDecolonization.
=653  \\$aPerformance and politics
=653  \\$aBody politics
=655  \7$aPerformance.$2nyu-hidvl
=655  \7$aPerformance art.$2nyu-hidvl
=655  \7$aPolitical performance.$2nyu-hidvl
=655  \7$aPerformance/Installation.$2nyu-hidvl
=655  \7$aInteractive ritual.$2nyu-hidvl
=700  1\$aGómez-Peña, Guillermo.$4prf
=700  1\$aSifuentes, Roberto,$d1967-$4prf
=700  1\$aEstrada, María.$4prf
=700  1\$aPrada, Amapola.$4prf
=700  1\$aVinciauskas, Andrés.$4prf
=700  1\$aWetzler, Gray.$4vdg
=710  2\$aPocha Nostra.$4cre
=710  2\$aHemispheric Institute of Performance and Politics.$4pro
=710  2\$aCentro Cultural Recoleta (Buenos Aires, Argentina)$4pro
=710  2\$aHemispheric Institute Digital Video Library.
=711  2\$aHemispheric Institute Encuentro$n(6th :$d2007 :$cBuenos Aires, Argentina).$tCorpolíticas / Body politics in the Americas : formations of race, class and gender.
=853  00$81$apt.
=863  50$81.1$a1$p31142046116151
=863  50$81.2$a2$p31142046116169
=856  40$uhttp://hdl.handle.net/2333.1/4qrfj70v
=954  \\$81$aVolumes

