=LDR  04313ngm a2200541 a 4500
=001  003335398
=004  003335398
=005  20110615135110.0
=006  m\\\\\\\\z\\\\\\\\
=007  vd\cvaiz|
=007  cr\cna|||m|||a
=007  vd\cvaiz|
=007  cr\|||||||||||
=008  100602e20071207nyu012\\\\\\\\\\\\vleng\d
=024  7\$aHI2009_028_01$2nyu-hidvl
=040  \\$aNNU$beng$cNNU
=079  \\$a(OCoLC)639465604
=245  00$aInterview with Terry Gomez$h[videorecording].
=246  3\$aTerry Gomez
=260  \\$c2007 Dec. 7.
=300  \\$3viewing copy.$a1 videodisc of 1 (DVD) (12 min.) :$bsd., col. ;$c4 3/4 in.
=490  1\$aInterview series : Native Theater Festival at the Public Theater (2007-2008)
=500  \\$aTitle supplied by Hemispheric Institute.
=500  \\$aPart of the Hemispheric Institute Digital Video Library.
=518  \\$aFilmed at The Public Theater in New York, NY, on December 7, 2007.
=508  \\$aHemispheric Institute of Performance and Politics, producer.
=511  0\$aTerry Gomez, interviewee ; Edward Wemytewa, interviewer.
=520  \\$aIn December of 2007, as part of its Native Theater Festival, the Public Theater brought Native theater professionals from around the U.S. and Canada to New York City for a series of readings and discussions. The five-day festival included play readings, post-performance discussions, concerts, roundtables, and the performance of Darrell Dennis' 'Tales of and Urban Indian.' This video documents an interview with Terry Gomez, conducted by Edward Wemytewa as a part of a supplementary Native Theater Festival interview series.
=520  \\$aTerry Gomez is from the Comanche Nation of Oklahoma. She is a published and produced playwright, published writer, theater director, actor and painter. Her play 'Inter-tribal' was produced as a staged reading at The Public Theater in New York City and published in the anthology 'Plays by Women of Color.' Other plays produced in various New Mexico venues include 'Inter-tribal,' 'Reunion,' 'The Antigone,' 'A Day at the Night Hawk,' 'Carbon Black,' 'Rain Dance,' 'Melanin,' and 'The Woman with a Mustache.' Terry has been an adjunct professor of theater arts at the Institute of American Indian Arts in Santa Fe, New Mexico, and faculty for the I.A.I.A./ABC/Disney Summer Film Program. She has directed seven original plays and two showcases for the I.A.I.A. and 'Ghost Dance' by Annette Arkeketa. She has also taught workshops for the Santa Clara Pueblo Community School, Tesuque Pueblo Language Program, and the Crown Point Community School, as well as giving workshops at the International Workshop Festival in London, England. She is a recipient of the 2007-2008 American Indian College Fund/Andrew W. Mellon Fellowship. Recent acting stints include a month-long tour of New Mexico with the theater troupe Wise Fool in the play 'Baggage.' She is the mother of two and currently resides in Santa Fe. Edward Wemytewa is a former Zuni Tribal Councilman, and his connection to his Zuni cultural heritage is through art and language. He is the founding director of Idiwanan An Chawe, a storytelling theater. A playwright, performer, and visual artist, Edward's prize-winning paintings and sculptures have been exhibited in museums in Arizona and New Mexico.
=530  \\$aAlso available online as streaming video.
=534  \\$pMedia source original:$e1 videocassette of 1 (Mini DV) : sd., col. ; 1/4 in. SP.$mPanasonic DVM60.
=540  \\$aThere are copyright restrictions on this collection. For more information, go to the online version of this video.
=600  10$aGomez, Terry$vInterviews.
=650  \0$aIndians of North America.
=650  \0$aIndigenous peoples.
=650  \0$aTheater.
=650  \0$aPerforming arts.
=653  \\$aNative Americans.
=653  \\$aNative Theater Festival.
=655  \7$aInterview.$2nyu-hidvl
=700  1\$aGomez, Terry.$4ive
=700  1\$aWemytewa, Edward.$4ivr
=710  2\$aHemispheric Institute of Performance and Politics.$4pro
=710  2\$aHemispheric Institute Digital Video Library.
=830  \0$aInterview series : Native Theater Festival at the Public Theater (2007-2008)
=856  40$uhttp://hdl.handle.net/2333.1/51c5b0fx

