=LDR  03817cgm a2200661 a 4500
=001  000541338
=003  NNU
=004  NYUb13532590
=005  20090409171906.0
=006  m\\\\\\\\z\\\\\\\\
=007  vd\cvaizu
=007  vf\ciahou
=007  cr\cna
=007  cr\|||||||||||
=008  070906e20070616ag\017\\\\\\\\\\\\vlspa\d
=024  7\$aHI2007_142_01$2nyu-hidvl
=024  7\$aHI2007.142_01$2nyu-hidvl
=040  \\$aNNU$cNNU$eamim
=041  0\$aspa
=245  00$aInterview with Roberto Gutiérrez Varea & Violeta Luna (Secos y Mojados)$h[videorecording]
=246  3\$aInterview with Secos y Mojados (Roberto Gutiérrez Varea & Violeta Luna)
=246  30$aRoberto Gutiérrez Varea & Violeta Luna
=246  30$aSecos y Mojados
=260  \\$c2007 June 16.
=300  \\$3master.$a1 videocassette of 1 (Digital Betacam) (17 min.) :$bsd., col. ;$c1/2 in.
=300  \\$3viewing copy.$a1 videodisc of 1 (DVD) (17 min.) :$bsd., col. ;$c4 3/4 in.
=530  \\$aAlso available online as streaming video.
=546  \\$aIn Spanish.
=500  \\$aTitle supplied by Hemispheric Institute.
=500  \\$aPart of the Hemispheric Institute Digital Video Library.
=534  \\$pMedia source original:$e1 videocassette of 1 (Mini DV) : sd., col. ; 1/4 in. SP.$mPanasonic DVM60.
=518  \\$aInterviewed in Buenos Aires, Argentina, on June 16, 2007, as part of the Sixth Annual Hemispheric Institute Seminar entitled Corpolíticas en las Ámericas / Body Politics in the Americas : formations of race, class and gender.
=508  \\$aHemispheric Institute of Performance and Politics, producer ; Centro Cultural Recoleta, producer ; Pilar Rau, videographer.
=511  0\$aRoberto Gutiérrez Varea, interviewee ; Violeta Luna, interviewee ; Sarah Townsend, interviewer.
=520  \\$aInterview with Roberto Gutiérrez Varea and Violeta Luna of Secos y Mojados, conducted by Sarah Townsend as a part of the 6th Encuentro of the Hemispheric Institute of Performance and Politics, celebrated in June of 2007 in Buenos Aires, Argentina under the title CORPOLÍTICAS en las Américas: Formaciones de Raza, Clase y Género / Body Politics in the Americas: Formations of Race, Class and Gender (http://hemi.nyu.edu/eng/seminar/2007/index.html). Secos y Lojados is a Latino performance collective co-founded by Violeta Luna (Mexico), Víctor Cartagena (El Salvador), David Molina (Argelia/El Salvador) and its director, Roberto G. Varea (Argentina). The collective is based in San Francisco, California (USA).
=540  \\$aThere are copyright restrictions on this collection. For more information, go to the online version of this video.
=600  10$aGutierrez Varea, Roberto$vInterviews.
=600  10$aLuna, Violeta,$d1943-$vInterviews.
=610  20$aSecos y Mojados.
=651  \0$aMexican-American Border Region$xEmigration and immigration.
=650  \0$aPerforming arts$xPolitical aspects.
=653  \\$aPerformance and politics
=653  \\$aBody politics
=655  \7$aInterview.$2nyu-hidvl
=700  1\$aGutierrez Varea, Roberto.$4ive
=700  1\$aLuna, Violeta,$d1943-$4ive
=700  1\$aTownsend, Sarah.$4ivr
=700  1\$aRau, Pilar.$4vdg
=710  2\$aHemispheric Institute of Performance and Politics.$4pro
=710  2\$aCentro Cultural Recoleta (Buenos Aires, Argentina)$4pro
=710  2\$aHemispheric Institute Digital Video Library.
=711  2\$aHemispheric Institute Encuentro$n(6th :$d2007 :$cBuenos Aires, Argentina).$tCorpolíticas / Body politics in the Americas : formations of race, class and gender.
=856  40$uhttp://hdl.handle.net/2333.1/05qfttmr

