=LDR  04577ngm a2200541 a 4500
=001  003335416
=004  003335416
=005  20110615135101.0
=006  m\\\\\\\\z\\\\\\\\
=007  vd\cvaiz|
=007  cr\cna|||m|||a
=007  vd\cvaiz|
=007  cr\|||||||||||
=008  100602e20071207nyu012\\\\\\\\\\\\vleng\d
=024  7\$aHI2009_029_01$2nyu-hidvl
=040  \\$aNNU$beng$cNNU
=079  \\$a(OCoLC)639465615
=245  00$aInterview with Joy Harjo$h[videorecording].
=246  3\$aJoy Harjo
=260  \\$c2007 Dec. 7.
=300  \\$3viewing copy.$a1 videodisc of 1 (DVD) (12 min.) :$bsd., col. ;$c4 3/4 in.
=490  1\$aInterview series : Native Theater Festival at the Public Theater (2007-2008)
=500  \\$aTitle supplied by Hemispheric Institute.
=500  \\$aPart of the Hemispheric Institute Digital Video Library.
=518  \\$aFilmed at The Public Theater in New York, NY, on December 7, 2007.
=508  \\$aHemispheric Institute of Performance and Politics, producer.
=511  0\$aJoy Harjo, interviewee ; Elizabeth Richards, interviewer.
=520  \\$aIn December of 2007, as part of its Native Theater Festival, the Public Theater brought Native theater professionals from around the U.S. and Canada to New York City for a series of readings and discussions. The five-day festival included play readings, post-performance discussions, concerts, roundtables, and the performance of Darrell Dennis' 'Tales of and Urban Indian.' This video documents an interview with Joy Harjo, conducted by Elizabeth Theobald Richards as a part of a supplementary Native Theater Festival interview series.
=520  \\$aJoy Harjo is an internationally known poet, performer, writer and musician. She was born in Tulsa, Oklahoma. She received her B.A. from the University of New Mexico in creative writing, and her MFA from the University of Iowa Writers Workshop. She has published seven books of acclaimed poetry, including such well known titles as 'She Had Some Horses,' and 'The Woman Who Fell From the Sky.' She has won numerous awards for her poetry and writing, including the Lifetime Achievement Award from the Native Writers Circle of the Americas; the William Carlos Williams Award from the Poetry Society of America, and the Eagle Spirit Achievement Award for overall contributions in the arts, from the American Indian Film Festival, among others. Harjo has performed internationally, from the Riddu Riddu Festival held north of Arctic Circle in Norway to Def Poetry Jam on HBO, Madras, India to the La Casita Series of the Lincoln Center, to the Ford Theater in Los Angeles. When not teaching and performing she lives in Honolulu, Hawaii. She is member of the Muskoke/Creek Nation in Oklahoma. Elizabeth Theobald Richards is an experienced arts administrator, strategic planner, theater artist and Native arts advocate. An enrolled member of the Cherokee Nation of Oklahoma, she is the first Native American to serve as a Program Officer at the Ford Foundation. She was Director of the Public Programs for the Mashantucket Pequot Museum and Research Center in Connecticut, the largest tribal museum and library in the U.S. She oversaw the planning, development and implementation of all interpretive, educational and artistic programs presented to the public. For the past twelve years she has also worked as a playwright and director, developing scripts by Native American writers and has successfully brokered artistic connections between Native artists, mainstream organizations and other ethnic/racial groups.
=530  \\$aAlso available online as streaming video.
=534  \\$pMedia source original:$e1 videocassette of 1 (Mini DV) : sd., col. ; 1/4 in. SP.$mPanasonic DVM60.
=540  \\$aThere are copyright restrictions on this collection. For more information, go to the online version of this video.
=600  10$aHarjo, Joy$vInterviews.
=650  \0$aIndians of North America.
=650  \0$aIndigenous peoples.
=650  \0$aTheater.
=650  \0$aPerforming arts.
=653  \\$aNative Americans.
=653  \\$aNative Theater Festival.
=655  \7$aInterview.$2nyu-hidvl
=700  1\$aHarjo, Joy.$4ive
=700  1\$aRichards, Elizabeth Theobald.$4ivr
=710  2\$aHemispheric Institute of Performance and Politics.$4pro
=710  2\$aHemispheric Institute Digital Video Library.
=830  \0$aInterview series : Native Theater Festival at the Public Theater (2007-2008)
=856  40$uhttp://hdl.handle.net/2333.1/18931zxd

