=LDR  03287cgm a2200589 a 4500
=001  000541055
=003  NNU
=004  NYUb13532292
=005  20090409172300.0
=006  m\\\\\\\\z\\\\\\\\
=007  vd\cvaizu
=007  vf\ciahou
=007  cr\cna
=007  cr\|||||||||||
=008  070905e20070614ag\024\\\\\\\\\\\\vleng\d
=024  7\$aHI2007_132_01$2nyu-hidvl
=024  7\$aHI2007.132_01$2nyu-hidvl
=040  \\$aNNU$cNNU$eamim
=245  00$aInterview with Danny Hoch$h[videorecording]
=246  30$aDanny Hoch
=260  \\$c2007 June 14.
=300  \\$3master.$a1 videocassette of 1 (Digital Betacam) (24 min.) :$bsd., col. ;$c1/2 in.
=300  \\$3viewing copy.$a1 videodisc of 1 (DVD) (24 min.) :$bsd., col. ;$c4 3/4 in.
=530  \\$aAlso available online as streaming video.
=500  \\$aTitle supplied by Hemispheric Institute.
=500  \\$aPart of the Hemispheric Institute Digital Video Library.
=534  \\$pMedia source original:$e1 videocassette of 1 (Mini DV) : sd., col. ; 1/4 in. SP.$mPanasonic DVM60.
=518  \\$aInterviewed in Buenos Aires, Argentina, on June 14, 2007, as part of the Sixth Annual Hemispheric Institute Seminar entitled Corpolíticas en las Ámericas / Body Politics in the Americas : formations of race, class and gender.
=508  \\$aHemispheric Institute of Performance and Politics, producer ; Centro Cultural Recoleta, producer ; Pilar Rau, videographer.
=511  0\$aDanny Hoch, interviewee ; Jill Lane, interviewer.
=520  \\$aInterview with Danny Hoch, conducted by Jill Lane as a part of the 6th Encuentro of the Hemispheric Institute of Performance and Politics, celebrated in June of 2007 in Buenos Aires, Argentina under the title CORPOLÍTICAS en las Américas: Formaciones de Raza, Clase y Género / Body Politics in the Americas: Formations of Race, Class and Gender (http://hemi.nyu.edu/eng/seminar/2007/index.html). Danny Hoch (www.dannyhoch.com) is an actor, playwright and director. He is also the founder of the Hip-Hop Theatre Festival, a senior fellow at the Vera List Center For Art & Politics, and he sits on the board of Theatre Communications Group, United States.
=540  \\$aThere are copyright restrictions on this collection. For more information, go to the online version of this video.
=600  10$aHoch, Danny$vInterviews.
=650  \0$aHip-hop.
=650  \0$aPerforming arts$xPolitical aspects.
=653  \\$aHip Hop theater
=653  \\$aBody politics
=653  \\$aPerformance and politics
=655  \7$aInterview.$2nyu-hidvl
=700  1\$aHoch, Danny.$4ive
=700  1\$aLane, Jill.$4ivr
=700  1\$aRau, Pilar.$4vdg
=710  2\$aHemispheric Institute of Performance and Politics.$4pro
=710  2\$aCentro Cultural Recoleta (Buenos Aires, Argentina)$4pro
=710  2\$aHemispheric Institute Digital Video Library.
=711  2\$aHemispheric Institute Encuentro$n(6th :$d2007 :$cBuenos Aires, Argentina).$tCorpolíticas / Body politics in the Americas : formations of race, class and gender.
=856  40$uhttp://hdl.handle.net/2333.1/8kprr54b

