=LDR  04114cgm a2200721 a 4500
=001  000549069
=003  NNU
=004  NYUb13540860
=005  20090409172253.0
=006  m\\\\\\\\z\\\\\\\\
=007  vd\cvaizu
=007  vf\ciahou
=007  cr\cna
=007  \\vd
=007  cr\|||||||||||
=008  071002e20070613ag\123\\\\\\\\\\\\vleng\d
=024  7\$aHI2007_151_01$2nyu-hidvl
=024  7\$aHI2007_152_01$2nyu-hidvl
=024  7\$aHI2007_153_01$2nyu-hidvl
=024  7\$aHI2007.151_01$2nyu-hidvl
=035  \\$a(NYU)NYUb13540860
=040  \\$aNNU$cNNU$eamim
=041  0\$aeng$aspa
=245  00$aHip hop theater$h[videorecording] :$ban evening with Danny Hoch.
=246  30$aEvening with Danny Hoch
=260  \\$c2007 June 13.
=300  \\$3master.$a3 videocassettes of 3 (Digital Betacam) (123 min.) :$bsd., col. ;$c1/2 in.
=300  \\$3viewing copy.$a3 videodiscs of 3 (DVD) (123 min. : pt.1, 58 min. ; pt.2, 60 min. ; pt.3, 5 min.) :$bsd., col. ;$c4 3/4 in.
=530  \\$aAlso available online as streaming video.
=546  \\$aIn English and Spanish.
=500  \\$aTitle supplied by Hemispheric Institute.
=500  \\$aPart of the Hemispheric Institute Digital Video Library.
=534  \\$pMedia source original:$e3 videocassettes of 3 (Mini DV) : sd., col. ; 1/4 in. SP.$mPanasonic DVM60.
=518  \\$aPerformed at Teatro Empire, Buenos Aires, Argentina, on June 13, 2007, as part of the Sixth Annual Hemispheric Institute Seminar entitled Corpolíticas en las Ámericas / Body Politics in the Americas : formations of race, class and gender.
=508  \\$aHemispheric Institute, producer ; Centro Cultural Recoleta, producer ; Danny Hoch, creator ; Gray Wetzler, videographer.
=511  1\$aDanny Hoch.
=520  \\$aVideo documentation of Danny Hochs bilingual solo performance Hip-Hop Theatre: An Evening with Danny Hoch, presented as a part of the 6th Encuentro of the Hemispheric Institute of Performance and Politics, celebrated in June of 2007 in Buenos Aires, Argentina under the title CORPOLÍTICAS en las Ámericas: Formaciones de Raza, Clase y Género / Body Politics in the Americas: Formations of Race, Class and Gender. Danny Hoch (www.dannyhoch.com ) is an American actor, playwright and director. Founder of the Hip-Hop Theatre Festival, he is a senior fellow at the Vera List Center For Art & Politics and he sits on the board of Theatre Communications Group, United States. Hip-Hop Theatre is not as much about the form as it is about the Hip-Hop generation that includes issues of race, class, ownership, self-determination, the prison industrial complex, Reaganomics, police brutality, drugs, globalization and technology. The video also includes a post-performance discussion with the artist, moderated by Marlène Ramírez-Cancio.
=540  \\$aThere are copyright restrictions on this collection. For more information, go to the online version of this video.
=650  \0$aHip-hop.
=653  \\$aPerformance and politics
=653  \\$aBody politics
=653  \\$aHip Hop theater
=655  \7$aPerformance.$2nyu-hidvl
=655  \7$aTheater.$2nyu-hidvl
=655  \7$aHip-Hop theater.$2nyu-hidvl
=655  \7$aOne-person shows (Performing arts).$2nyu-hidvl
=655  \7$aBilingual performance.$2nyu-hidvl
=700  1\$aHoch, Danny.$4cre$4prf
=700  1\$aWetzler, Gray.$4vdg
=710  2\$aHemispheric Institute of Performance and Politics.$4pro
=710  2\$aCentro Cultural Recoleta (Buenos Aires, Argentina)$4pro
=710  2\$aHemispheric Institute Digital Video Library.
=711  2\$aHemispheric Institute Encuentro$n(6th :$d2007 :$cBuenos Aires, Argentina).$tCorpolíticas / Body politics in the Americas : formations of race, class and gender.
=853  00$81$apt.
=863  50$81.1$a1$p31142045979807
=863  50$81.2$a2$p31142045979815
=863  50$81.3$a3$p31142045979823
=856  40$uhttp://hdl.handle.net/2333.1/6m905qqn
=954  \\$81$aVolumes

