=LDR  03615ngm a2200505   4500
=001  004191293
=005  20160613122612.0
=006  m\\\\\\\\c\\\\\\\\
=007  cr\cna|||m|||a
=007  cr\|||||||||||
=008  150929e20070913nyu148\\\\\\\\s\\\vleng\d
=024  7\$aHI2014_029_01$2nyu-hidvl
=024  7\$aHI2014_030_01$2nyu-hidvl
=024  7\$aHI2014_031_01$2nyu-hidvl
=040  \\$aNNU$beng$cNNU
=041  0\$aeng
=245  00$aTill the break of dawn$h[videorecording] /$cDanny Hoch, writer ; Allan Buchman, director.
=246  3\$aTil the break of dawn
=260  \\$c2007 Sep. 13.
=300  \\$3viewing copy.$astreaming video (147 min., 9 sec.: pt.1: 62 min., 25 sec.; pt.2: 64 min., 2 sec.; pt.3: 20 min., 42 sec.) :$bsd., col.
=490  1\$aHip Hop Theater Festival
=500  \\$aPart of the Hemispheric Institute Digital Video Library.
=500  \\$aTitle supplied by the Hemispheric Institute.
=511  1\$aBambadjan Bamba, Dominic Colon, Matthew-Lee Erlbach, Flaco Navaja, pattydukes, Gwendolen Hardwick, Jimmie James, Jaymes Jorsling, Maribel Lizardo, Johnny Sánchez, and Luis Vega, performers.
=518  \\$aPerformed at 466 Grand Street, New York City, on September 13, 2007.
=520  \\$aA tale of teachers, artists, and activists, Danny Hoch’s Till the Break of Dawn takes place in the Havana of 2001. Chronicling the meetings and mishaps that happen at a Cuban hip-hop festival, the New Yorkers are confronted by numerous struggling Cubans, an exiled Black Panther, and youth from the global hip-hop scene. It is in this changing landscape where they must confront their changing ideas and commitments to activism, and to each other. Culminating with the events of September 11th, Till the Break of Dawn is a critical look at the cultures of American imperialism, idealism, and hip-hop that affects each of the characters.
=520  \\$aThis work is written and directed by acclaimed actor, poet, and playwright Danny Hoch. A two-time DEF poet, a Senior Fellow at the New School’s Vera List Center for Arts & Politics among numerous other awards and accolades, Hoch is the founder of the Hip Hop Theater Festival.
=520  \\$aHip-Hop Theater Festival is dedicated to presenting and showcasing theater written by and about the Hip-Hop generation. Since 2004, its creators have worked with emerging and established artists to develop work that broadens conversations around Hip-Hop on a global scale. Dedicated to inciting dialogue and social change, HHTF recognizes the power of Hip-Hop and the power of theater as a medium. For a culture whose impact can be seen and felt around the globe, Hip-Hop Theater Festival works to shine light on the diversity and innovation within the world of Hip-Hop.
=534  \\$pMedia source original:$e3 videocassettes (Mini DV) : sd., col. ; 1/4 in. SP.$mPanasonic ME DVM63
=540  \\$aThere are copyright restrictions on this collection. For more information, go to the online version of this video.
=546  \\$aIn English.
=650  \0$aRace awareness.
=650  \0$aHip-hop$xPolitical aspects.
=650  \0$aHip-hop$xSocial aspects.
=650  \0$aCubans$xRace identity.
=650  \0$aAmericans$xRelations with Cubans.
=650  \0$aCubans$xSocial life and customs.
=655  \7$aHip-Hop theater.$2nyu-hidvl
=655  \7$aTheater.$2nyu-hidvl
=700  1\$aHoch, Danny.$4aut
=700  1\$aBuchman, Allan.$4drt
=710  2\$aHemispheric Institute Digital Video Library.
=830  \0$aHip-Hop Theater Festival (Hi-ARTS)
=856  40$uhttp://hdl.handle.net/2333.1/9s4mw8w6

