=LDR  03951ngm a2200505 a 4500
=001  003306109
=004  003306109
=005  20100221124254.0
=006  m\\\\\\\\z\\\\\\\\
=007  vd\cvaiz|
=007  cr\cna|||m|||a
=007  vd\cvaiz|
=007  cr\|||||||||||
=008  100221e20071110nyu019\\\\\\\\\\\\vleng\d
=024  7\$aHI2009_021_01$2nyu-hidvl
=024  7\$aHI2009.021_01$2nyu-hidvl
=040  \\$aNNU$beng$cNNU
=079  \\$a(OCoLC)607289457
=245  00$aInterview with Holly Hughes$h[videorecording] :$bwhat is performance studies?
=246  3\$aHolly Hughes
=260  \\$c2007 Nov. 10.
=300  \\$3viewing copy.$a1 videodisc of 1 (DVD) (19 min.) :$bsd., col. ;$c4 3/4 in.
=490  1\$aInterview series : What is performance studies?
=500  \\$aTitle supplied by Hemispheric Institute.
=500  \\$aPart of the Hemispheric Institute Digital Video Library.
=518  \\$aFilmed in New York, NY, on November 10, 2007.
=508  \\$aHemispheric Institute of Performance and Politics, producer.
=511  0\$aHolly Hughes, interviewee ; Diana Taylor, interviewer.
=520  \\$aInterview with Holly Hughes, conducted by Diana Taylor, founding director of the Hemispheric Institute of Performance and Politics. This interview is a part of a series curated by the Hemispheric Institute, articulated around the question 'What is Performance Studies?' The series aims to provide a multifaceted approach to the often difficult task of defining the coordinates of both a field of academic study as well as a lens through which to assess and document cultural practice and embodied behavior. The contingent definitions documented in this series are based on the groundbreaking experiences and the scholarly endeavors of renowned figures in contemporary performance studies and practice.
=520  \\$aHolly Hughes (1955) is an internationally acclaimed performance artist with a flair for telling outrageous stories of everyday lesbian life, touching off controversy and challenging complacency at every turn. Her combination of poetic imagery and political satire has earned her wide attention and placed her work at the center of America's culture wars. Hughes is Associate Professor of the School of Art & Design and the Department of Theatre and Drama at the University of Michigan and an activist for lesbian issues. She is the recipient of two Village Voice Obie awards, a Lambda Book Award, a GLAAD media award, and a Distinguished Alumni Award. Hughes has performed at venues across North America, Great Britain and Australia. She has published two books: Clit Notes: A Sapphic Sampler; and O Solo Homo: The New Queer Performance, co-edited with Dr. David Roman. In addition, her work has been widely anthologized and has served as foundational material for performance studies, queer studies and feminist performance studies. Hughes is currently co-editing, with Alina Troyano, 'Memories of the Revolution,' an anthology of scripts, interviews and photographs from the first ten years of the New York City’s Wow Café.
=530  \\$aAlso available online as streaming video.
=534  \\$pMedia source original:$e1 videocassette of 1 (Mini DV) : sd., col. ; 1/4 in. SP.
=540  \\$aThere are copyright restrictions on this collection. For more information, go to the online version of this video.
=600  10$aHughes, Holly,$d1955 Mar. 10-$vInterviews.
=650  \0$aPerforming arts$xStudy and teaching.
=653  \\$aPerformance studies.
=655  \7$aInterview.$2nyu-hidvl
=700  1\$aHughes, Holly,$d1955 Mar. 10-$4ive
=700  1\$aTaylor, Diana,$d1950-$4ivr
=710  2\$aHemispheric Institute of Performance and Politics.$4pro
=710  2\$aHemispheric Institute Digital Video Library.
=830  \0$aInterview series : What is performance studies?
=856  40$uhttp://hdl.handle.net/2333.1/280gb65q

