=LDR  03559cgm a2200613 a 4500
=001  000549171
=003  NNU
=004  NYUb13540968
=005  20090409172305.0
=006  m\\\\\\\\z\\\\\\\\
=007  vd\cvaizu
=007  vf\ciahou
=007  cr\cna
=007  cr\|||||||||||
=008  071002e20070611ag\010\\\\\\\\\\\\vleng\d
=024  7\$aHI2007_160_01$2nyu-hidvl
=024  7\$aHI2007.160_01$2nyu-hidvl
=040  \\$aNNU$cNNU$eamim
=245  00$aAnna Jacobs$h[videorecording] :$bThe story of a boy born a girl.
=246  30$aStory of a boy born a girl
=260  \\$c2007 June 11.
=300  \\$3master.$a1 videocassette of 1 (Digital Betacam) (10 min.) :$bsd., col. ;$c1/2 in.
=300  \\$3viewing copy.$a1 videodisc of 1 (DVD) (10 min.) :$bsd., col. ;$c4 3/4 in.
=530  \\$aAlso available online as streaming video.
=500  \\$aTitle supplied by Hemispheric Institute.
=500  \\$aPart of the Hemispheric Institute Digital Video Library.
=534  \\$pMedia source original:$e1 videocassette of 1 (Mini DV) : sd., col. ; 1/4 in. SP.$mPanasonic DVM60.
=518  \\$aPerformed at Teatro Empire, Buenos Aires, Argentina, on June 11, 2007, as part of the Sixth Annual Hemispheric Institute Seminar entitled Corpolíticas en las Ámericas / Body Politics in the Americas : formations of race, class and gender.
=508  \\$aHemispheric Institute, producer ; Centro Cultural Recoleta, producer ; Anna Jacobs, creator ; Gray Wetzler, videographer.
=511  1\$aAnna Jacobs.
=520  \\$aVideo documentation of Anna Jacobs The Story of a Boy Born a Girl, performed as a part of the 6th Encuentro of the Hemispheric Institute of Performance and Politics, celebrated in June of 2007 in Buenos Aires, Argentina under the title CORPOLÍTICAS en las Américas: Formaciones de Raza, Clase y Género / Body Politics in the Americas: Formations of Race, Class and Gender. Anna Jacobs is an activist, teacher and performer based in Santa Fe, New Mexico, United States. Currently Anna is a Masters Candidate at The Gallatin School for Individualized Studies, New York University. The Story of A Boy Born a Girl is an original trapeze piece in which the artist combines movement on trapeze with the telling of her story of surviving sexual abuse and the subsequent development of a transgendered identity.
=540  \\$aThere are copyright restrictions on this collection. For more information, go to the online version of this video.
=650  \0$aTranssexuals.
=650  \0$aTransgender people$xIdentity.
=650  \0$aTranssexualism.
=650  \0$aGender identity.
=653  \\$aPerformance and politics
=653  \\$aBody politics
=655  \7$aPerformance.$2nyu-hidvl
=655  \7$aTheater.$2nyu-hidvl
=655  \7$aOne-person show (Performing arts)$2nyu-hidvl
=655  \7$aQueer performance.$2nyu-hidvl
=700  1\$aJacobs, Anna.$4cre$4prf
=700  1\$aWetzler, Gray.$4vdg
=710  2\$aHemispheric Institute of Performance and Politics.$4pro
=710  2\$aCentro Cultural Recoleta (Buenos Aires, Argentina)$4pro
=710  2\$aHemispheric Institute Digital Video Library.
=711  2\$aHemispheric Institute Encuentro$n(6th :$d2007 :$cBuenos Aires, Argentina).$tCorpolíticas / Body politics in the Americas : formations of race, class and gender.
=856  40$uhttp://hdl.handle.net/2333.1/pnvx0kjp

