=LDR  03976cgm a2200673 a 4500
=001  000549267
=003  NNU
=004  NYUb13541066
=005  20090409172312.0
=006  m\\\\\\\\z\\\\\\\\
=007  vd\cvaizu
=007  vf\ciahou
=007  cr\cna
=007  cr\|||||||||||
=008  071002e20070609ag\023\\\\\\\\\\\\vlspa\d
=024  7\$aHI2007_165_01$2nyu-hidvl
=024  7\$aHI2007.165_01$2nyu-hidvl
=035  \\$a(NYU)NYUb13541066
=040  \\$aNNU$cNNU$eamim
=041  0\$aspa
=043  \\$an-mx---
=245  00$aFOMMA$h[videorecording] :$bla voz de FOMMA.
=246  30$aVoz de FOMMA
=246  3\$aVoice of FOMMA
=260  \\$c2007 June 9.
=300  \\$3master.$a1 videocassette of 1 (Digital Betacam) (23 min.) :$bsd., col. ;$c1/2 in.
=300  \\$3viewing copy.$a1 videodisc of 1 (DVD) (23 min.) :$bsd., col. ;$c4 3/4 in.
=530  \\$aAlso available online as streaming video.
=546  \\$aIn Spanish.
=500  \\$aTitle supplied by Hemispheric Institute.
=500  \\$aPart of the Hemispheric Institute Digital Video Library.
=534  \\$pMedia source original:$e1 videocassette of 1 (Mini DV) : sd., col. ; 1/4 in. SP.$mPanasonic DVM60.
=518  \\$aPerformed at Centro Cultural Recoleta, Buenos Aires, Argentina, on June 9, 2007, as part of the Sixth Annual Hemispheric Institute Seminar entitled Corpolíticas en las Ámericas / Body Politics in the Americas : formations of race, class and gender.
=508  \\$aHemispheric Institute, producer ; Centro Cultural Recoleta, producer ; Fortaleza de la Mujer Maya (FOMMA), creator ; Doris Difarnecio, director ; Dexter Miranda, videographer.
=511  1\$aIsabel Juárez Espinosa, María Francisca Oseguera Cruz.
=520  \\$aVideo documentation of FOMMAs performance La Voz de FOMMA (The Voice of FOMMA), presented as a part of the 6th Encuentro of the Hemispheric Institute of Performance and Politics, celebrated in June of 2007 in Buenos Aires, Argentina under the title CORPOLÍTICAS en las Américas: Formaciones de Raza, Clase y Género / Body Politics in the Americas: Formations of Race, Class and Gender. The performance, comprised of 5 skits, functions as a sampling of FOMMAs theater work: Space for Venting/ Drunkards at a Bar, Sebastiana Puts her Husbands Boots on Him, Sebastiana Waits for the Doctor,' Drunken Doctor, and a brief introduction to the work of FOMMA by performers Isabel Juárez Espinosa and María Francisca Oseguera Cruz. Fortaleza de la Mujer Maya (FOMMA) is a Mexican NGO in Chiapas whose mission is to empower Mayan women through bilingual literacy courses (in Tzotzil and Tzeltal), workshops in productive skills, health education and theater.
=540  \\$aThere are copyright restrictions on this collection. For more information, go to the online version of this video.
=650  \0$aIndians of Mexico.
=650  \0$aIndigenous women$zMexico.
=653  \\$aPerformance and politics
=653  \\$aBody politics
=655  \7$aPerformance.$2nyu-hidvl
=655  \7$aTheater.$2nyu-hidvl
=655  \7$aIndigenous theater.$2nyu-hidvl
=655  \7$aCommunity theater.$2nyu-hidvl
=700  1\$aJuárez Espinosa, Isabel,$d1958-$4prf
=700  1\$aOseguera Cruz, María Francisca.$4prf
=700  1\$aDifarnecio, Doris.$4drt
=700  1\$aMiranda, Dexter.$4vdg
=710  2\$aFortaleza de la Mujer Maya (Organization)$4cre
=710  2\$aHemispheric Institute of Performance and Politics.$4pro
=710  2\$aCentro Cultural Recoleta (Buenos Aires, Argentina)$4pro
=710  2\$aHemispheric Institute Digital Video Library.
=711  2\$aHemispheric Institute Encuentro$n(6th :$d2007 :$cBuenos Aires, Argentina).$tCorpolíticas / Body politics in the Americas : formations of race, class and gender.
=856  40$uhttp://hdl.handle.net/2333.1/5qfttf59

