=LDR  03247ngm a2200505 a 4500
=001  003305795
=004  003305795
=005  20100221130755.0
=006  m\\\\\\\\z\\\\\\\\
=007  vd\cvaiz|
=007  cr\cna|||m|||a
=007  vd\cvaiz|
=007  cr\|||||||||||
=008  100219e20071004nyu004\\\\\\\\\\\\vleng\d
=024  7\$aHI2009_016_01$2nyu-hidvl
=024  7\$aHI2009.016_01$2nyu-hidvl
=040  \\$aNNU$beng$cNNU
=079  \\$a(OCoLC)607286740
=245  00$aInterview with Jill Lane$h[videorecording] :$bwhat is performance studies?
=246  3\$aJill Lane
=260  \\$c2007 Oct. 4.
=300  \\$3viewing copy.$a1 videodisc of 1 (DVD) (4 min.) :$bsd., col. ;$c4 3/4 in.
=490  1\$aInterview series : What is performance studies?
=500  \\$aTitle supplied by Hemispheric Institute.
=500  \\$aPart of the Hemispheric Institute Digital Video Library.
=518  \\$aFilmed in New York, NY, on October 4, 2007.
=508  \\$aHemispheric Institute of Performance and Politics, producer.
=511  0\$aJill Lane, interviewee ; Diana Taylor, interviewer.
=520  \\$aInterview with Jill Lane, conducted by Diana Taylor, founding director of the Hemispheric Institute of Performance and Politics. This interview is a part of a series curated by the Hemispheric Institute, articulated around the question 'What is Performance Studies?' The series aims to provide a multifaceted approach to the often difficult task of defining the coordinates of both a field of academic study as well as a lens through which to assess and document cultural practice and embodied behavior. The contingent definitions documented in this series are based on the groundbreaking experiences and the scholarly endeavors of renowned figures in contemporary performance studies and practice.
=520  \\$aJill Lane is Associate Professor of Spanish and Portuguese at New York University, where she teaches courses on performance in the Americas, in relation to the histories of colonialism, neocolonialism, and globalization. Her book, Blackface Cuba, 1840-1898 (University of Pennsylvania Press, 2005) examines racial impersonation, national desire, and anticolonial sentiment in Cuba. She is presently editing an anthology on Latin American performance with Routledge, and is co-editor with Peggy Phelan of The Ends of Performance (New York University Press, 1998).
=530  \\$aAlso available online as streaming video.
=534  \\$pMedia source original:$e1 videocassette of 1 (Mini DV) : sd., col. ; 1/4 in. SP.
=540  \\$aThere are copyright restrictions on this collection. For more information, go to the online version of this video.
=600  10$aLane, Jill,$d1967-$vInterviews.
=650  \0$aPerforming arts$xStudy and teaching.
=653  \\$aPerformance studies.
=655  \7$aInterview.$2nyu-hidvl
=700  1\$aLane, Jill,$d1967-$4ive
=700  1\$aTaylor, Diana,$d1950-$4ivr
=710  2\$aHemispheric Institute of Performance and Politics.$4pro
=710  2\$aHemispheric Institute Digital Video Library.
=830  \0$aInterview series : What is performance studies?
=856  40$uhttp://hdl.handle.net/2333.1/pzgmsc11

