=LDR  03948cgm a2200673 a 4500
=001  000549133
=003  NNU
=004  NYUb13540925
=005  20090409172317.0
=006  m\\\\\\\\z\\\\\\\\
=007  vd\cvaizu
=007  vf\ciahou
=007  cr\cna
=007  \\vd
=007  cr\|||||||||||
=008  071002e20070612ag\079\\\\\\\\\\\\vleng\d
=024  7\$aHI2007_156_01$2nyu-hidvl
=024  7\$aHI2007_157_01$2nyu-hidvl
=024  7\$aHI2007.156_01$2nyu-hidvl
=040  \\$aNNU$cNNU$eamim
=245  00$a2boys.tv$h[videorecording] :$bZona pellucida.
=246  30$aZona pellucida
=260  \\$c2007 June 12.
=300  \\$3master.$a2 videocassettes of 2 (Digital Betacam) (79 min.) :$bsd., col. ;$c1/2 in.
=300  \\$3viewing copy.$a2 videodiscs of 2 (DVD) (79 min. : pt.1, 59 min. ; pt.2, 20 min.) :$bsd., col. ;$c4 3/4 in.
=530  \\$aAlso available online as streaming video.
=500  \\$aTitle supplied by Hemispheric Institute.
=500  \\$aPart of the Hemispheric Institute Digital Video Library.
=534  \\$pMedia source original:$e2 videocassettes of 2 (Mini DV) : sd., col. ; 1/4 in. SP.$mPanasonic DVM60.
=518  \\$aPerformed at Teatro Empire, Buenos Aires, Argentina, on June 12 2007, as part of the Sixth Annual Hemispheric Institute Seminar entitled Corpolíticas en las Ámericas / Body Politics in the Americas : formations of race, class and gender.
=508  \\$aHemispheric Institute, producer ; Centro Cultural Recoleta, producer ; 2boys.tv, creator ; Pilar Rau, videographer.
=511  0\$aStephen Lawson, performer ; Aaron Pollard, multimedia.
=520  \\$aWithin the folds of the zona pellucida, rapt in a somnambulous state, the accused begins to believe she is capable of the crimes with which she has been charged, and that perhaps, somehow, she has indeed carried out the horrific transgressions herself. Zona Pellucida, multimedia theater piece by 2boys.tv, was performed as a part of the 6th Encuentro of the Hemispheric Institute of Performance and Politics, celebrated in June of 2007 in Buenos Aires, Argentina under the title CORPOLÍTICAS en las Américas: Formaciones de Raza, Clase y Género / Body Politics in the Americas: Formations of Race, Class and Gender. 2boys.tv (Aaron Pollard and Stephen Lawson) is a theater and cabaret duo based in Montréal, Canada. Their multimedia performance pieces often incorporate video projections, soundscapes, found and original music scores, transgendered apparitions, outrageous costume, props, vocal/textual works, and the art of lip-sync. The video includes a post-performance discussion with the artists, moderated by Ramón Rivera-Servera.
=540  \\$aThere are copyright restrictions on this collection. For more information, go to the online version of this video.
=650  \0$aZona pellucida.
=653  \\$aPerformance and politics
=653  \\$aBody politics
=655  \7$aPerformance.$2nyu-hidvl
=655  \7$aTheater.$2nyu-hidvl
=655  \7$aMultimedia performance.$2nyu-hidvl
=655  \7$aQueer performance.$2nyu-hidvl
=700  1\$aLawson, Stephen.$4prf
=700  1\$aPollard, Aaron.$4prf
=700  1\$aRau, Pilar.$4vdg
=710  2\$a2boys.tv.$4cre
=710  2\$aHemispheric Institute of Performance and Politics.$4pro
=710  2\$aCentro Cultural Recoleta (Buenos Aires, Argentina)$4pro
=710  2\$aHemispheric Institute Digital Video Library.
=711  2\$aHemispheric Institute Encuentro$n(6th :$d2007 :$cBuenos Aires, Argentina).$tCorpolíticas / Body politics in the Americas : formations of race, class and gender.
=853  00$81$apt.
=863  50$81.1$a1$p31142045979856
=863  50$81.2$a2$p31142045979864
=856  40$uhttp://hdl.handle.net/2333.1/z612jmkb
=954  \\$81$aVolumes

