=LDR  04358cgm a2200685 a 4500
=001  000541383
=003  NNU
=004  NYUb13532639
=005  20090409172332.0
=006  m\\\\\\\\z\\\\\\\\
=007  vd\cvaizu
=007  vf\ciahou
=007  cr\cna
=007  cr\|||||||||||
=008  070906e20070612ag\073\\\\\\\\\\\\vleng\d
=024  7\$aHI2007_145_01$2nyu-hidvl
=024  7\$aHI2007_146_01$2nyu-hidvl
=024  7\$aHI2007.145_01$2nyu-hidvl
=040  \\$aNNU$cNNU$eamim
=245  00$aGeorge Lewis keynote address$h[videorecording] :$bLiving with creative machines.
=246  30$aLiving with creative machines
=260  \\$c2007 June 12.
=300  \\$3master.$a2 videocassettes of 2 (Digital Betacam) (73 min.) :$bsd., col. ;$c1/2 in.
=300  \\$3viewing copy.$a2 videodiscs of 2 (DVD) (73 min. : pt.1, 60 min. ; pt.2, 13 min.) :$bsd., col. ;$c4 3/4 in.
=530  \\$aAlso available online as streaming video.
=500  \\$aTitle supplied by Hemispheric Institute.
=500  \\$aPart of the Hemispheric Institute Digital Video Library.
=534  \\$pMedia source original:$e2 videocassettes of 2 (Mini DV) : sd., col. ; 1/4 in. SP.$mPanasonic DVM60.
=518  \\$aAddress given in Buenos Aires, Argentina, on June 12, 2007, as part of the Sixth Annual Hemispheric Institute Seminar entitled Corpolíticas en las Ámericas / Body Politics in the Americas : formations of race, class and gender.
=508  \\$aHemispheric Institute of Performance and Politics, producer ; Centro Cultural Recoleta, producer ; George Lewis, creator ; Karen Shimakawa, introducer ; Thomas Duc, videographer.
=511  0\$aGeorge Lewis, keynote speaker.
=520  \\$aVideo documentation of George Lewis keynote address, Living With Creative Machines, presented as a part of the 6th Encuentro of the Hemispheric Institute of Performance and Politics, celebrated in June of 2007 in Buenos Aires, Argentina under the title CORPOLÍTICAS en las Ámericas / Body Politics in the Americas: Formations of Race, Class and Gender. The computer is now an irreversible part of how improvisation has become a site for interdisciplinary exploration, exchanges of personal and cultural narratives, and the blurring of boundaries between art forms. For George Lewis, living, working, and performing with creative machines of his own design is closely intertwined with the study of how improvisation produces knowledge and meaning. Part memoir, part history and criticism, the talk intersects with critical histories of new media and American experimentalism, as well as ethnographic and historical work on improvisation. George E. Lewis (music.columbia.edu/faculty/lewis.html) is an improviser-trombonist, composer, and computer/installation artist. He is the Edwin H. Case Professor of American Music at Columbia University. His book, Power Stronger Than Itself: The AACM and American Experimental Music is forthcoming from the University of Chicago Press.
=540  \\$aThere are copyright restrictions on this collection. For more information, go to the online version of this video.
=600  10$aLewis, George,$d1952-
=650  \0$aPerforming arts$xPolitical aspects.
=650  \0$aImprovisation (Music)
=650  \0$aImprovisation in art.
=650  \0$aMusic and technology.
=650  \0$aArt and technology.
=653  \\$aImprovisation and new media
=653  \\$aPerformance and politics
=653  \\$aBody politics
=655  \7$aKeynote address.$2nyu-hidvl
=700  1\$aLewis, George,$d1952-$4cre$4spk
=700  1\$aShimakawa, Karen,$d1964-$4aui
=700  1\$aDuc, Thomas.$4vdg
=710  2\$aHemispheric Institute of Performance and Politics.$4pro
=710  2\$aCentro Cultural Recoleta (Buenos Aires, Argentina)$4pro
=710  2\$aHemispheric Institute Digital Video Library.
=711  2\$aHemispheric Institute Encuentro$n(6th :$d2007 :$cBuenos Aires, Argentina).$tCorpolíticas / Body politics in the Americas : formations of race, class and gender.
=853  00$81$apt.
=863  50$81.1$a1$p31142045979724$wg
=863  50$81.2$a2$p31142045979732
=856  40$uhttp://hdl.handle.net/2333.1/kwh70s8k
=954  \\$81$aVolumes

