=LDR  03854cgm a2200637 a 4500
=001  000549193
=003  NNU
=004  NYUb13540991
=005  20090409172337.0
=006  m\\\\\\\\z\\\\\\\\
=007  vd\cvaizu
=007  vf\ciahou
=007  cr\cna
=007  cr\|||||||||||
=008  071002e20070609ag\049\\\\\\\\\\\\vlspa\d
=024  7\$aHI2007_161_01$2nyu-hidvl
=024  7\$aHI2007.161_01$2nyu-hidvl
=040  \\$aNNU$cNNU$eamim
=041  0\$aspa
=245  00$aSecos y Mojados$h[videorecording] :$bEnterrada en al cuerpo del recuerdo.
=246  30$aEnterrada en al cuerpo del recuerdo
=246  3\$aBuried in the body of memory
=260  \\$c2007 June 9.
=300  \\$3master.$a1 videocassette of 1 (Digital Betacam) (49 min.) :$bsd., col. ;$c1/2 in.
=300  \\$3viewing copy.$a1 videodisc of 1 (DVD) (49 min.) :$bsd., col. ;$c4 3/4 in.
=530  \\$aAlso available online as streaming video.
=546  \\$aIn Spanish.
=500  \\$aTitle supplied by Hemispheric Institute.
=500  \\$aPart of the Hemispheric Institute Digital Video Library.
=534  \\$pMedia source original:$e1 videocassette of 1 (Mini DV) : sd., col. ; 1/4 in. SP.$mPanasonic DVM60.
=518  \\$aPerformed at Centro Cultural Recoleta, Buenos Aires, Argentina, on June 9, 2007, as part of the Sixth Annual Hemispheric Institute Seminar entitled Corpolíticas en las Ámericas / Body Politics in the Americas : formations of race, class and gender.
=508  \\$aHemispheric Institute, producer ; Centro Cultural Recoleta, producer ; Secos y Mojados, creator ; Roberto Gutiérrez Varea, director ; Beatrice Glow, videographer.
=511  1\$aVioleta Luna.
=520  \\$aVideo documentation of Secos y Mojadoss performance Enterrada en el Cuerpo del Recuerdo (Buried in the Body of Memory), presented as a part of the 6th Encuentro of the Hemispheric Institute of Performance and Politics, celebrated in June of 2007 in Buenos Aires, Argentina under the title CORPOLÍTICAS en las Américas: Formaciones de Raza, Clase y Género / Body Politics in the Americas: Formations of Race, Class and Gender. Secos y Mojados is a Latino performance collective based in San Francisco, California (USA) and co-founded by Violeta Luna (Mexico), Víctor Cartagena (El Salvador), David Molina (Argelia/El Salvador) and its director, Roberto G. Varea (Argentina). The multimedia performance here documented revolves around the subject of immigration. The immigrant is a divided being. A being marked by having crossed to the other side, always aware of here and there, before and after. After the moment of crossing, the immigrant is never the same.
=540  \\$aThere are copyright restrictions on this collection. For more information, go to the online version of this video.
=650  \0$aImmigrants.
=650  \0$aEmigration and immigration.
=653  \\$aPerformance and politics
=653  \\$aBody politics
=655  \7$aPerformance.$2nyu-hidvl
=655  \7$aMultimedia performance.$2nyu-hidvl
=655  \7$aLatino performance.$2nyu-hidvl
=700  1\$aLuna, Violeta,$d1943-$4prf
=700  1\$aGutierrez Varea, Roberto.$4drt
=700  1\$aGlow, Beatrice.$4vdg
=710  2\$aSecos y Mojados.$4cre
=710  2\$aHemispheric Institute of Performance and Politics.$4pro
=710  2\$aCentro Cultural Recoleta (Buenos Aires, Argentina)$4pro
=710  2\$aHemispheric Institute Digital Video Library.
=711  2\$aHemispheric Institute Encuentro$n(6th :$d2007 :$cBuenos Aires, Argentina).$tCorpolíticas / Body politics in the Americas : formations of race, class and gender.
=856  40$uhttp://hdl.handle.net/2333.1/jwstqk05

