=LDR  03536cgm a2200625 a 4500
=001  000549562
=003  NNU
=004  NYUb13541406
=005  20090409172341.0
=006  m\\\\\\\\z\\\\\\\\
=007  vd\cvaizu
=007  vf\ciahou
=007  cr\cna
=007  cr\|||||||||||
=008  071003e20070616ag\017\\\\\\\\\\\\vlmul\d
=024  7\$aHI2007_180_01$2nyu-hidvl
=024  7\$aHI2007.180_01$2nyu-hidvl
=035  \\$a(NYU)NYUb13541406
=040  \\$aNNU$cNNU$eamim
=041  0\$aeng$apor$aspa
=245  00$aNirvana Marinho$h[videorecording] :$bCorpo noutro corpo.
=246  30$aCorpo noutro corpo
=246  3\$aBody in another body
=260  \\$c2007 June 16.
=300  \\$3master.$a1 videocassette of 1 (Digital Betacam) (17 min.) :$bsd., col. ;$c1/2 in.
=300  \\$3viewing copy.$a1 videodisc of 1 (DVD) (17 min.) :$bsd., col. ;$c4 3/4 in.
=530  \\$aAlso available online as streaming video.
=546  \\$aIn English, Portuguese, and Spanish.
=500  \\$aTitle supplied by Hemispheric Institute.
=500  \\$aPart of the Hemispheric Institute Digital Video Library.
=534  \\$pMedia source original:$e1 videocassette of 1 (Mini DV) : sd., col. ; 1/4 in. SP.$mPanasonic DVM60.
=518  \\$aPerformed at Centro Cultural Recoleta, Buenos Aires, Argentina, on June 16, 2007, as part of the Sixth Annual Hemispheric Institute Seminar entitled Corpolíticas en las Ámericas / Body Politics in the Americas : formations of race, class and gender.
=508  \\$aHemispheric Institute of Performance and Politics, producer ; Centro Cultural Recoleta, producer ; Nirvana Marinho, creator ; Beatrice Glow, videographer.
=511  0\$aNirvana Marinho, performer.
=520  \\$aVideo documentation of Nirvana Marinho's choreography Corpo Noutro Corpo (Body in Another Body), performed as a part of the 6th Encuentro of the Hemispheric Institute of Performance and Politics, celebrated in June of 2007 in Buenos Aires, Argentina under the title CORPOLÍTICAS en las Américas: Formaciones de Raza, Clase y Género / Body Politics in the Americas: Formations of Race, Class and Gender. Nirvana Marinho is a dancer and dance theorist. She is a member of the Dance Research, Education and Aesthetics Group at UNESP, and of the Arts Creation Group at the PUC, Brazil. Her choreography project arises from the need to question the ways dance is learned: imitation, copy, innovation, reproduction, creation.
=540  \\$aThere are copyright restrictions on this collection. For more information, go to the online version of this video.
=650  \0$aDance.
=650  \0$aDance$xStudy and teaching.
=650  \0$aModern dance.
=653  \\$aPerformance and politics
=653  \\$aBody politics
=655  \7$aPerformance.$2nyu-hidvl
=655  \7$aDance.$2nyu-hidvl
=655  \7$aContemporary dance.$2nyu-hidvl
=700  1\$aMarinho, Nirvana.$4cre$4prf
=700  1\$aGlow, Beatrice.$4vdg
=710  2\$aHemispheric Institute of Performance and Politics.$4pro
=710  2\$aCentro Cultural Recoleta (Buenos Aires, Argentina)$4pro
=710  2\$aHemispheric Institute Digital Video Library.
=711  2\$aHemispheric Institute Encuentro$n(6th :$d2007 :$cBuenos Aires, Argentina).$tCorpolíticas / Body politics in the Americas : formations of race, class and gender.
=856  40$uhttp://hdl.handle.net/2333.1/mpg4f51h

