=LDR  03962cgm a2200685 a 4500
=001  000549104
=003  NNU
=004  NYUb13540895
=005  20090409172744.0
=006  m\\\\\\\\z\\\\\\\\
=007  vd\cvaizu
=007  vf\ciahou
=007  cr\cna
=007  \\vd
=007  cr\|||||||||||
=008  071002e20070612ag\111\\\\\\\\\\\\vleng\d
=024  7\$aHI2007_154_01$2nyu-hidvl
=024  7\$aHI2007_155_01$2nyu-hidvl
=024  7\$aHI2007.154_01$2nyu-hidvl
=040  \\$aNNU$cNNU$eamim
=245  00$aMichelle Matlock$h[videorecording] :$bthe Mammy project.
=246  30$aMammy project
=260  \\$c2007 June 12.
=300  \\$3master.$a2 videocassettes of 2 (Digital Betacam) (111 min.) :$bsd., col. ;$c1/2 in.
=300  \\$3viewing copy.$a2 videodiscs of 2 (DVD) (111 min. : pt.1, 55 min. ; pt.2, 56 min.) :$bsd., col. ;$c4 3/4 in.
=530  \\$aAlso available online as streaming video.
=500  \\$aTitle supplied by Hemispheric Institute.
=500  \\$aPart of the Hemispheric Institute Digital Video Library.
=534  \\$pMedia source original:$e2 videocassettes of 2 (Mini DV) : sd., col. ; 1/4 in. SP.$mPanasonic DVM60.
=518  \\$aPerformed at Teatro Empire, Buenos Aires, Argentina, on June 12, 2007, as part of the Sixth Annual Hemispheric Institute Seminar entitled Corpolíticas en las Ámericas / Body Politics in the Americas : formations of race, class and gender.
=508  \\$aHemispheric Institute, producer ; Centro Cultural Recoleta, producer ; Michelle Matlock, creator ; Kris Anton, multimedia design ; Andrea Ghersetich, stage manager ; Abeyamí Ortega, videographer.
=511  1\$aMichelle Matlock.
=520  \\$aVideo documentation of Michelle Matlocks solo performance The Mammy Project, presented as a part of the 6th Encuentro of the Hemispheric Institute of Performance and Politics, celebrated in June of 2007 in Buenos Aires, Argentina under the title CORPOLÍTICAS en las Ámericas: Formaciones de Raza, Clase y Género / Body Politics in the Americas: Formations of Race, Class and Gender. Michelle Matlock (www.themammyproject.com) is a native of Washington State, United States. Graduated from the National Shakespeare Conservatory in New York City, she began developing her debut solo show The Mammy Project in 2001. This one-woman performance is an original work made up of a series of monologues which explores the influence that the icon, stereotype and myth of Mammy has had on contemporary American culture. This video also includes a post-performance discussion with the artist, moderated by Jill Lane.
=540  \\$aThere are copyright restrictions on this collection. For more information, go to the online version of this video.
=650  \0$aStereotypes (Social psychology)
=650  \0$aStereotypes (Social psychology)$xSocial aspects.
=653  \\$aPerformance and politics
=653  \\$aBody politics
=655  \7$aPerformance.$2nyu-hidvl
=655  \7$aTheater.$2nyu-hidvl
=655  \7$aSolo performance.$2nyu-hidvl
=655  \7$aOne-woman show.$2nyu-hidvl
=700  1\$aMatlock, Michelle.$4cre$4prf
=700  1\$aOrtega, Abeyamí.$4vdg
=700  1\$aAnton, Kris.$4dsr
=700  1\$aGhersetich, Andrea.$4oth
=710  2\$aHemispheric Institute of Performance and Politics.$4pro
=710  2\$aCentro Cultural Recoleta (Buenos Aires, Argentina)$4pro
=710  2\$aHemispheric Institute Digital Video Library.
=711  2\$aHemispheric Institute Encuentro$n(6th :$d2007 :$cBuenos Aires, Argentina).$tCorpolíticas / Body politics in the Americas : formations of race, class and gender.
=853  00$81$apt.
=863  50$81.1$a1$p31142045979831
=863  50$81.2$a2$p31142045979849
=856  40$uhttp://hdl.handle.net/2333.1/2z34tmw0
=954  \\$81$aVolumes

