=LDR  04127cgm a2200673 a 4500
=001  000549553
=003  NNU
=004  NYUb13541397
=005  20090409172750.0
=006  m\\\\\\\\z\\\\\\\\
=007  vd\cvaizu
=007  vf\ciahou
=007  cr\cna
=007  cr\|||||||||||
=008  071003e20070615ag\034\\\\\\\\\\\\vlspa\d
=024  7\$aHI2007_179_01$2nyu-hidvl
=024  7\$aHI2007.179_01$2nyu-hidvl
=040  \\$aNNU$cNNU$eamim
=041  0\$aspa
=043  \\$an-us---$an-mx---
=245  00$aNavarrete x Kajiyama Dance Theater$h[videorecording] :$bLa venganza de huitlacoche.
=246  30$aVenganza de huitlacoche
=246  3\$aRevenge of huitlacoche
=260  \\$c2007 June 15.
=300  \\$3master.$a1 videocassette of 1 (Digital Betacam) (34 min.) :$bsd., col. ;$c1/2 in.
=300  \\$3viewing copy.$a1 videodisc of 1 (DVD) (34 min.) :$bsd., col. ;$c4 3/4 in.
=530  \\$aAlso available online as streaming video.
=546  \\$aIn Spanish.
=500  \\$aTitle supplied by Hemispheric Institute.
=500  \\$aPart of the Hemispheric Institute Digital Video Library.
=534  \\$pMedia source original:$e1 videocassette of 1 (Mini DV) : sd., col. ; 1/4 in. SP.$mPanasonic DVM60.
=518  \\$aPerformed at Teatro Empire, Buenos Aires, Argentina, on June 15, 2007, as part of the Sixth Annual Hemispheric Institute Seminar entitled Corpolíticas en las Ámericas / Body Politics in the Americas : formations of race, class and gender.
=508  \\$aHemispheric Institute of Performance and Politics, producer ; Centro Cultural Recoleta, producer ; Navarrete x Kajiyama Dance Theater (José Navarrete & Debby Kajiyama), creator ; Gray Wetzler, videographer.
=511  1\$aJosé Navarrete.
=520  \\$aVideo documentation of Navarrete x Kajiyama Danza Teatros La venganza de Huitlacoche (The Vengeance of Huitlacoche), performed by José Navarrete as a part of the 6th Encuentro of the Hemispheric Institute of Performance and Politics, celebrated in June of 2007 in Buenos Aires, Argentina under the title CORPOLÍTICAS en las Américas: Formaciones de Raza, Clase y Género / Body Politics in the Americas: Formations of Race, Class and Gender. Navarrete x Kajiyama Dance Theater (www.nkdancetheater.com), based in Oakland, United States, develops contemporary dance theater performances with a vocabulary enriched by studies of Japanese percussion, Latin American social dances, and the cultural significance of the practice of these community-building art forms. La venganza de Huitlacoche is a multimedia performance about revolutionary acts, faith and survival, food sovereignty and dangerous border crossings. Huitlacoche is a swollen black fungus that grows on ears of corn. A culinary delicacy in Mexico, it is considered a pest in the United States.
=540  \\$aThere are copyright restrictions on this collection. For more information, go to the online version of this video.
=650  \0$aBorder crossing.
=651  \0$aMexican-American Border Region.
=651  \0$aUnited States$xBoundaries$zMexico.
=651  \0$aMexico$xBoundaries$zUnited States.
=653  \\$aPerformance and politics
=653  \\$aBody politics
=655  \7$aPerformance.$2nyu-hidvl
=655  \7$aDance theater.$2nyu-hidvl
=655  \7$aMultimedia performance.$2nyu-hidvl
=700  1\$aNavarrete, José.$4cre$4prf
=700  1\$aKajiyama, Debby.$4cre
=700  1\$aWetzler, Gray.$4vdg
=710  2\$aNavarrete x Kajiyama Dance Theater.$4cre
=710  2\$aHemispheric Institute of Performance and Politics.$4pro
=710  2\$aCentro Cultural Recoleta (Buenos Aires, Argentina)$4pro
=710  2\$aHemispheric Institute Digital Video Library.
=711  2\$aHemispheric Institute Encuentro$n(6th :$d2007 :$cBuenos Aires, Argentina).$tCorpolíticas / Body politics in the Americas : formations of race, class and gender.
=856  40$uhttp://hdl.handle.net/2333.1/rfj6q5jn

