=LDR  04239ngm a2200541 a 4500
=001  003335521
=004  003335521
=005  20110615135041.0
=006  m\\\\\\\\z\\\\\\\\
=007  vd\cvaiz|
=007  cr\cna|||m|||a
=007  vd\cvaiz|
=007  cr\|||||||||||
=008  100603e20071207nyu012\\\\\\\\\\\\vleng\d
=024  7\$aHI2009_031_01$2nyu-hidvl
=040  \\$aNNU$beng$cNNU
=079  \\$a(OCoLC)639466625
=245  00$aInterview with Yvette Nolan$h[videorecording].
=246  3\$aYvette Nolan
=260  \\$c2007 Dec. 7.
=300  \\$3viewing copy.$a1 videodisc of 1 (DVD) (12 min.) :$bsd., col. ;$c4 3/4 in.
=490  1\$aInterview series : Native Theater Festival at the Public Theater (2007-2008)
=500  \\$aTitle supplied by Hemispheric Institute.
=500  \\$aPart of the Hemispheric Institute Digital Video Library.
=518  \\$aFilmed at The Public Theater in New York, NY, on December 7, 2007.
=508  \\$aHemispheric Institute of Performance and Politics, producer.
=511  0\$aYvette Nolan, interviewee ; Randy Reinholz, interviewer.
=520  \\$aIn December of 2007, as part of its Native Theater Festival, the Public Theater brought Native theater professionals from around the U.S. and Canada to New York City for a series of readings and discussions. The five-day festival included play readings, post-performance discussions, concerts, roundtables, and the performance of Darrell Dennis' 'Tales of and Urban Indian.' This video documents an interview with Yvette Nolan, conducted by Randy Reinholz as a part of a supplementary Native Theater Festival interview series.
=520  \\$aYvette Nolan (Algonquin from Kitiganzibi) is a playwright, dramaturg, and director. Her plays include 'Annie Mae's Movement,' 'BLADE,' 'Job's Wife,' 'Video,' the libretto 'Hilda Blake' and the radio play 'Owen.' Directing credits include 'The Triple Truth,' 'The Only Good Indian...' (Turtle Gals), 'Tales of an Urban Indian,' 'The Unnatural and Accidental Women,' 'Annie Mae's Movement' (Native Earth). As a dramaturg, she works across Canada, most recently as the Festival Dramaturg for Saskatchewan Playwrights Centre Spring Festival. She was the president of the Playwrights Union of Canada 1998-2001, and of Playwrights Canada Press 2003-2005. She is currently the Artistic Director of Native Earth Performing Arts in Toronto. Randy Reinholz, an enrolled member of the Choctaw Nation of Oklahoma, is co-creator and artistic director of Native Voices. He has directed close to fifty plays across the US and Canada including The Rez Sisters, The Waiting Room, Proof, How I Learned to Drive, Hedda Gabler, Speed the Plow, The Cherry Orchard, The Glass Menagerie and numerous productions of Shakespeare's plays. Reinholz was the director and executive producer of Urban Tattoo. Beyond directing and producing he has co-sponsored showcases and Native American diversity workshops for ABC and NBC and is an annual guest artist for the FOX American Indian Summer Institute. He received his MFA from Cornell University and is a tenured professor of Theatre, Television, and Film at San Diego State University in addition to being on faculty in the Program of American Indian Studies.
=530  \\$aAlso available online as streaming video.
=534  \\$pMedia source original:$e1 videocassette of 1 (Mini DV) : sd., col. ; 1/4 in. SP.$mPanasonic DVM60.
=540  \\$aThere are copyright restrictions on this collection. For more information, go to the online version of this video.
=600  10$aNolan, Yvette$vInterviews.
=650  \0$aIndians of North America.
=650  \0$aIndigenous peoples.
=650  \0$aTheater.
=650  \0$aPerforming arts.
=653  \\$aNative Americans.
=653  \\$aNative Theater Festival.
=655  \7$aInterview.$2nyu-hidvl
=700  1\$aNolan, Yvette.$4ive
=700  1\$aReinholz, Randy.$4ivr
=710  2\$aHemispheric Institute of Performance and Politics.$4pro
=710  2\$aHemispheric Institute Digital Video Library.
=830  \0$aInterview series : Native Theater Festival at the Public Theater (2007-2008)
=856  40$uhttp://hdl.handle.net/2333.1/rv15dvs2

