=LDR  03564ngm a2200505 a 4500
=001  003305753
=004  003305753
=005  20100221130726.0
=006  m\\\\\\\\z\\\\\\\\
=007  vd\cvaiz|
=007  cr\cna|||m|||a
=007  vd\cvaiz|
=007  cr\|||||||||||
=008  100219e20071003nyu004\\\\\\\\\\\\vleng\d
=024  7\$aHI2009_014_01$2nyu-hidvl
=024  7\$aHI2009.014_01$2nyu-hidvl
=040  \\$aNNU$beng$cNNU
=079  \\$a(OCoLC)607285565
=245  00$aInterview with Tavia Nyong'o$h[videorecording] :$bwhat is performance studies?
=246  3\$aTavia Nyong'o
=260  \\$c2007 Oct. 3.
=300  \\$3viewing copy.$a1 videodisc of 1 (DVD) (4 min.) :$bsd., col. ;$c4 3/4 in.
=490  1\$aInterview series : What is performance studies?
=500  \\$aTitle supplied by Hemispheric Institute.
=500  \\$aPart of the Hemispheric Institute Digital Video Library.
=518  \\$aFilmed in New York, NY, on October 3, 2007.
=508  \\$aHemispheric Institute of Performance and Politics, producer.
=511  0\$aTavia Nyong'o, interviewee ; Diana Taylor, interviewer.
=520  \\$aInterview with Tavia Nyong'o, conducted by Diana Taylor, founding director of the Hemispheric Institute of Performance and Politics. This interview is a part of a series curated by the Hemispheric Institute, articulated around the question 'What is Performance Studies?' The series aims to provide a multifaceted approach to the often difficult task of defining the coordinates of both a field of academic study as well as a lens through which to assess and document cultural practice and embodied behavior. The contingent definitions documented in this series are based on the groundbreaking experiences and the scholarly endeavors of renowned figures in contemporary performance studies and practice.
=520  \\$aTavia Nyong'o is a cultural historian with a focus on racial formation in the United States in the 19th and 20th centuries. He has taught courses on black performance, on cultural hybridity, on the history of the body, and on subcultural performance. He has lectured extensively in the U.S. and abroad, and has published reviews and essays in Social Text, Theatre Journal, GLQ, TDR, and Women and Performance. His forthcoming book, The Amalgamation Waltz: Antebellum Genealogies of the Hybrid Future, investigates how cultural performances of gender and sexuality in the first half of the nineteenth century staged fears and anticipations of a racially hybrid nation to come. Major Interests include performance in the black diaspora, cultural studies, queer and feminist theory, the nineteenth-century, history and memory.
=530  \\$aAlso available online as streaming video.
=534  \\$pMedia source original:$e1 videocassette of 1 (Mini DV) : sd., col. ; 1/4 in. SP.$mPanasonic DVC60
=540  \\$aThere are copyright restrictions on this collection. For more information, go to the online version of this video.
=600  10$aOchieng' Nyongó, Tavia Amolo$vInterviews.
=650  \0$aPerforming arts$xStudy and teaching.
=653  \\$aPerformance studies.
=655  \7$aInterview.$2nyu-hidvl
=700  1\$aOchieng' Nyongó, Tavia Amolo.$4ive
=700  1\$aTaylor, Diana,$d1950-$4ivr
=710  2\$aHemispheric Institute of Performance and Politics.$4pro
=710  2\$aHemispheric Institute Digital Video Library.
=830  \0$aInterview series : What is performance studies?
=856  40$uhttp://hdl.handle.net/2333.1/zgmsbd1d

