=LDR  03878ngm a2200505 a 4500
=001  003305751
=004  003305751
=005  20100221130710.0
=006  m\\\\\\\\z\\\\\\\\
=007  vd\cvaiz|
=007  cr\cna|||m|||a
=007  vd\cvaiz|
=007  cr\|||||||||||
=008  100219e20070927nyu007\\\\\\\\\\\\vleng\d
=024  7\$aHI2009_013_01$2nyu-hidvl
=024  7\$aHI2009.013_01$2nyu-hidvl
=040  \\$aNNU$beng$cNNU
=079  \\$a(OCoLC)607285517
=245  00$aInterview with Ann Pellegrini$h[videorecording] :$bwhat is performance studies?
=246  3\$aAnn Pellegrini
=260  \\$c2007 Sept. 27.
=300  \\$3viewing copy.$a1 videodisc of 1 (DVD) (7 min.) :$bsd., col. ;$c4 3/4 in.
=490  1\$aInterview series : What is performance studies?
=500  \\$aTitle supplied by Hemispheric Institute.
=500  \\$aPart of the Hemispheric Institute Digital Video Library.
=518  \\$aFilmed in New York, NY, on September 27, 2007.
=508  \\$aHemispheric Institute of Performance and Politics, producer.
=511  0\$aAnn Pellegrini, interviewee ; Diana Taylor, interviewer.
=520  \\$aInterview with Ann Pellegrini, conducted by Diana Taylor, founding director of the Hemispheric Institute of Performance and Politics. This interview is a part of a series curated by the Hemispheric Institute, articulated around the question 'What is Performance Studies?' The series aims to provide a multifaceted approach to the often difficult task of defining the coordinates of both a field of academic study as well as a lens through which to assess and document cultural practice and embodied behavior. The contingent definitions documented in this series are based on the groundbreaking experiences and the scholarly endeavors of renowned figures in contemporary performance studies and practice.
=520  \\$aAnn Pellegrini is Associate Professor of Religious Studies and Performance Studies at New York University, and Acting Director of NYU's Religious Studies Program (Spring 2008). She is on the Board of Directors of the Center for Lesbian and Gay studies at the City University of New York. Pellegrini is the author of Performance Anxieties: Staging Psychoanalysis, Staging Race (1997); together with Janet R. Jakobsen, she is the author of Love the Sin: Sexual Regulation and the Limits of Religious Tolerance (2003). Pellegrini has also contributed essays to numerous anthologies in lesbian and gay studies and in Jewish cultural studies, and is the general editor, with José Muñoz, of the book series Sexual Cultures: New Directions from the Center for Lesbian and Gay Studies. Pellegrini is currently co-editing an anthology titled Queer Theory and the Jewish Question. Research interests include: queer theory; religion and sexuality; psychoanalysis and culture; religion, performance, and community formation; cultures of childhood; feminist and queer performance; confessional culture; religion and secularism; Jewish cultural studies.
=530  \\$aAlso available online as streaming video.
=534  \\$pMedia source original:$e1 videocassette of 1 (Mini DV) : sd., col. ; 1/4 in. SP.$mPanasonic DVC60
=540  \\$aThere are copyright restrictions on this collection. For more information, go to the online version of this video.
=600  10$aPellegrini, Ann,$d1964-$vInterviews.
=650  \0$aPerforming arts$xStudy and teaching.
=653  \\$aPerformance studies.
=655  \7$aInterview.$2nyu-hidvl
=700  1\$aPellegrini, Ann,$d1964-$4ive
=700  1\$aTaylor, Diana,$d1950-$4ivr
=710  2\$aHemispheric Institute of Performance and Politics.$4pro
=710  2\$aHemispheric Institute Digital Video Library.
=830  \0$aInterview series : What is performance studies?
=856  40$uhttp://hdl.handle.net/2333.1/37pvmdcb

