=LDR  04120ngm a2200541 a 4500
=001  003335525
=004  003335525
=005  20110615135033.0
=006  m\\\\\\\\z\\\\\\\\
=007  vd\cvaiz|
=007  cr\cna|||m|||a
=007  vd\cvaiz|
=007  cr\|||||||||||
=008  100603e20071207nyu013\\\\\\\\\\\\vleng\d
=024  7\$aHI2009_032_01$2nyu-hidvl
=040  \\$aNNU$beng$cNNU
=079  \\$a(OCoLC)639466628
=245  00$aInterview with Jennifer Podemski$h[videorecording].
=246  3\$aJennifer Podemski
=260  \\$c2007 Dec. 7.
=300  \\$3viewing copy.$a1 videodisc of 1 (DVD) (13 min.) :$bsd., col. ;$c4 3/4 in.
=490  1\$aInterview series : Native Theater Festival at the Public Theater (2007-2008)
=500  \\$aTitle supplied by Hemispheric Institute.
=500  \\$aPart of the Hemispheric Institute Digital Video Library.
=518  \\$aFilmed at The Public Theater in New York, NY, on December 7, 2007.
=508  \\$aHemispheric Institute of Performance and Politics, producer.
=511  0\$aJennifer Podemski, interviewee ; Daniel David Moses, interviewer.
=520  \\$aIn December of 2007, as part of its Native Theater Festival, the Public Theater brought Native theater professionals from around the U.S. and Canada to New York City for a series of readings and discussions. The five-day festival included play readings, post-performance discussions, concerts, roundtables, and the performance of Darrell Dennis' 'Tales of and Urban Indian.' This video documents an interview with Jennifer Podemski, conducted by Daniel David Moses as a part of a supplementary Native Theater Festival interview series.
=520  \\$aJennifer Podemski (Ojibway/Israeli) is an actor/writer/producer born and raised in Toronto. Most recognized for her roles in Bruce McDonald's 'Dance Me Outside,' CBC's 'The Rez,' 'Riverdale' and 'Degrassi: The Next Generation,' Jennifer has been able to maintain a career as an actor for the past 20 years. She is the co-founder of Big Soul Productions (1999–2003) and most recently Redcloud Studio's Inc., an independent film and television production company. She is the co-creator and executive producer of 'Moccasin Flats,' North America's first all aboriginal produced, written and performed dramatic television series, now in its third season on The Aboriginal Peoples Television Network and Showcase Television. She can also be seen on the new Showcase comedy series 'Moose TV.' Playwright, poet, essayist, and teacher, Daniel David Moses is a Delaware from the Six Nations lands in southern Ontario, Canada. He holds an Honors B. A. in General Fine Arts from York University and an MFA in Creative Writing from the University of British Columbia. His plays include his first, 'Coyote City,' a nominee for the 1991 Governor General's Literary Award for Drama, 'The Indian Medicine Shows' and 'Brebeuf's Ghost.' He is also the author of 'Delicate Bodies' and 'Sixteen Jesuses,' poems, and co-editor of Oxford University Press' 'An Anthology of Canadian Native Literature in English,' third edition, 2005.
=530  \\$aAlso available online as streaming video.
=534  \\$pMedia source original:$e1 videocassette of 1 (Mini DV) : sd., col. ; 1/4 in. SP.$mPanasonic DVM60.
=540  \\$aThere are copyright restrictions on this collection. For more information, go to the online version of this video.
=600  10$aPodemski, Jennifer$vInterviews.
=650  \0$aIndians of North America.
=650  \0$aIndigenous peoples.
=650  \0$aTheater.
=650  \0$aPerforming arts.
=653  \\$aNative Americans.
=653  \\$aNative Theater Festival.
=655  \7$aInterview.$2nyu-hidvl
=700  1\$aPodemski, Jennifer.$4ive
=700  1\$aMoses, Daniel David,$d1952-$4ivr
=710  2\$aHemispheric Institute of Performance and Politics.$4pro
=710  2\$aHemispheric Institute Digital Video Library.
=830  \0$aInterview series : Native Theater Festival at the Public Theater (2007-2008)
=856  40$uhttp://hdl.handle.net/2333.1/n2z34v8w

