=LDR  03762cgm a2200661 a 4500
=001  000541363
=003  NNU
=004  NYUb13532617
=005  20090409172800.0
=006  m\\\\\\\\z\\\\\\\\
=007  vd\cvaizu
=007  vf\ciahou
=007  cr\cna
=007  cr\|||||||||||
=008  070906e20070616ag\024\\\\\\\\\\\\vleng\d
=024  7\$aHI2007_144_01$2nyu-hidvl
=024  7\$aHI2007.144_01$2nyu-hidvl
=035  \\$a(NYU)NYUb13532617
=040  \\$aNNU$cNNU$eamim
=245  00$aInterview with Aaron Pollard & Stephen Lawson (2boys.tv)$h[videorecording].
=246  3\$aInterview with 2boys.tv (Aaron Pollard & Stephen Lawson)
=246  30$aAaron Pollard & Stephen Lawson
=246  30$a2boys.tv
=260  \\$c2007 June 16.
=300  \\$3viewing copy.$a1 videodisc of 1 (DVD) (24 min.) :$bsd., col. ;$c4 3/4 in.
=300  \\$3master.$a1 videocassette of 1 (Digital Betacam) (24 min.) :$bsd., col. ;$c1/2 in.
=546  \\$aIn English.
=530  \\$aAlso available online as streaming video.
=500  \\$aTitle supplied by Hemispheric Institute.
=500  \\$aPart of the Hemispheric Institute Digital Video Library.
=534  \\$pMedia source original:$e1 videocassette of 1 (Mini DV) : sd., col. ; 1/4 in. SP.$mPanasonic DVM60.
=518  \\$aInterviewed in Buenos Aires, Argentina, on June 16 2007, as part of the Sixth Annual Hemispheric Institute Seminar entitled Corpolíticas en las Ámericas / Body Politics in the Americas : formations of race, class and gender.
=508  \\$aHemispheric Institute of Performance and Politics, producer ; Centro Cultural Recoleta, producer ; Pilar Rau, videographer.
=511  0\$aAaron Pollard, interviewee ; Stephen Lawson, interviewee ; Ramón Rivera-Servera, interviewer.
=520  \\$aInterview with Aaron Pollard and Stephen Lawson of 2boys.tv, conducted by Ramón Rivera-Servera as a part of the 6th Encuentro of the Hemispheric Institute of Performance and Politics, celebrated in June of 2007 in Buenos Aires, Argentina under the title 'CORPOLÍTICAS en las Américas: Formaciones de Raza, Clase y Género / Body Politics in the Americas: Formations of Race, Class and Gender' (http://hemi.nyu.edu/eng/seminar/2007/index.html). 2boys.tv (http://homepage.mac.com/woodsworth_pollard/2boystv/) is a duo based in Montréal, Canada. Their multimedia performance pieces often incorporate video projections, soundscapes, found and original music scores, transgendered apparitions, outrageous costume, props, vocal/textual works, and the art of lip-sync.
=540  \\$aThere are copyright restrictions on this collection. For more information, go to the online version of this video.
=600  10$aPollard, Aaron$vInterviews.
=600  10$aLawson, Stephen$vInterviews.
=610  20$a2boys.tv$vInterviews.
=650  \0$aPerforming arts$xPolitical aspects.
=653  \\$aZona Pellucida
=653  \\$aBody politics
=653  \\$aPerformance and politics
=655  \7$aInterview.$2nyu-hidvl
=700  1\$aPollard, Aaron.$4ive
=700  1\$aLawson, Stephen.$4ive
=700  1\$aRivera-Servera, Ramón.$4ivr
=700  1\$aRau, Pilar.$4vdg
=710  2\$a2boys.tv.$4ive
=710  2\$aHemispheric Institute of Performance and Politics.$4pro
=710  2\$aCentro Cultural Recoleta (Buenos Aires, Argentina)$4pro
=710  2\$aHemispheric Institute Digital Video Library.
=711  2\$aHemispheric Institute Encuentro$n(6th :$d2007 :$cBuenos Aires, Argentina).$tCorpolíticas / Body politics in the Americas : formations of race, class and gender.
=856  40$uhttp://hdl.handle.net/2333.1/qnk98ssq

