=LDR  04625cgm a2200685 a 4500
=001  000541406
=003  NNU
=004  NYUb13532662
=005  20090409172805.0
=006  m\\\\\\\\z\\\\\\\\
=007  vd\cvaizu
=007  vf\ciahou
=007  cr\cna
=007  cr\|||||||||||
=008  070906e20070613ag\082\\\\\\\\\\\\vlspa\d
=024  7\$aHI2007_147_01$2nyu-hidvl
=024  7\$aHI2007_148_01$2nyu-hidvl
=024  7\$aHI2007.147_01$2nyu-hidvl
=035  \\$a(NYU)NYUb13532662
=040  \\$aNNU$cNNU$eamim
=041  0\$aspa
=245  00$aRossana Reguillo keynote address$h[videorecording] :$bCondensaciones y desplazamientos : las políticas del miedo en los cuerpos contemporáneos.
=246  30$aCondensaciones y desplazamientos :$blas políticas del miedo en los cuerpos contemporáneos
=246  3\$aCondensations and displacements :$bthe politics of fear in contemporary bodies
=260  \\$c2007 June 13.
=300  \\$3master.$a2 videocassettes of 2 (Digital Betacam) (82 min.) :$bsd., col. ;$c1/2 in.
=300  \\$3viewing copy.$a2 videodiscs of 2 (DVD) (82 min. : pt.1, 60 min. ; pt.2, 22 min.) :$bsd., col. ;$c4 3/4 in.
=530  \\$aAlso available online as streaming video.
=546  \\$aIn Spanish.
=500  \\$aTitle supplied by Hemispheric Institute.
=500  \\$aPart of the Hemispheric Institute Digital Video Library.
=534  \\$pMedia source original:$e2 videocassettes of 2 (Mini DV) : sd., col. ; 1/4 in. SP.$mPanasonic DVM60.
=518  \\$aAddress given in Buenos Aires (auditorium, Buenos Aires Design), Argentina, on June 13, 2007, as part of the Sixth Annual Hemispheric Institute Seminar entitled Corpolíticas en las Ámericas / Body Politics in the Americas : formations of race, class and gender.
=508  \\$aHemispheric Institute of Performance and Politics, producer ; Centro Cultural Recoleta, producer ; Rossana Reguillo, creator ; Marcial Godoy, introducer ; Thomas Duc, videographer.
=511  0\$aRossana Reguillo, keynote speaker.
=520  \\$aVideo documentation of Rossana Reguillos keynote address, Condensaciones y desplazamientos: Las políticas del miedo en los cuerpos contemporáneos (Condensations and Displacements: The Politics of Fear in Contemporary Bodies), presented as a part of the 6th Encuentro of the Hemispheric Institute of Performance and Politics, celebrated in June of 2007 in Buenos Aires, Argentina under the title CORPOLÍTICAS en las Ámericas: Formaciones de Raza, Clase y Género / Body Politics in the Americas: Formations of Race, Class and Gender. The dreams of reason produce monsters two centuries later, Goyas foresight affirms the nightmares of contemporary reason. In a context characterized by the unequal distribution of wealth and, especially, of risk, the politics of fear make themselves felt on the bodies of citizens. Rooted in the socioanthropology of affect, this lecture examines the centrality of fear/terror/panic and the affect they produce (hatred, rage, sorrow, hope) in/between/on the social body. More than an inventory of traits and attributes of a threatening contemporaneity, it seeks to explore the sociopolitical and cultural impact of these processes in the production of bodies. Rossana Reguillo is a professor and researcher at the Department of Sociocultural Studies at ITESO, Guadalajara, Mexico. She earned her PhD in Social Sciences with a focus on Social Anthropology.
=540  \\$aThere are copyright restrictions on this collection. For more information, go to the online version of this video.
=650  \0$aFear.
=650  \0$aFear$xPolitical aspects.
=650  \0$aFear$xSocial aspects.
=653  \\$aPolitics of fear
=653  \\$aPerformance and politics
=653  \\$aBody politics
=655  \7$aKeynote address.$2nyu-hidvl
=700  1\$aReguillo Cruz, Rossana.$4cre$4spk
=700  1\$aGodoy, Marcial.$4aui
=700  1\$aDuc, Thomas.$4vdg
=710  2\$aHemispheric Institute of Performance and Politics.$4pro
=710  2\$aCentro Cultural Recoleta (Buenos Aires, Argentina)$4pro
=710  2\$aHemispheric Institute Digital Video Library.
=711  2\$aHemispheric Institute Encuentro$n(6th :$d2007 :$cBuenos Aires, Argentina).$tCorpolíticas / Body politics in the Americas : formations of race, class and gender.
=853  00$81$apt.
=863  50$81.1$a1$p31142045979740
=863  50$81.2$a2$p31142045979757
=856  40$uhttp://hdl.handle.net/2333.1/g4f4qrqw
=954  \\$81$aVolumes

