=LDR  04465ngm a2200541 a 4500
=001  003335530
=004  003335530
=005  20110615135024.0
=006  m\\\\\\\\z\\\\\\\\
=007  vd\cvaiz|
=007  cr\cna|||m|||a
=007  vd\cvaiz|
=007  cr\|||||||||||
=008  100603e20071207nyu013\\\\\\\\\\\\vleng\d
=024  7\$aHI2009_033_01$2nyu-hidvl
=040  \\$aNNU$beng$cNNU
=079  \\$a(OCoLC)639466630
=245  00$aInterview with Randy Reinholz$h[videorecording].
=246  3\$aRandy Reinholz
=260  \\$c2007 Dec. 7.
=300  \\$3viewing copy.$a1 videodisc of 1 (DVD) (13 min.) :$bsd., col. ;$c4 3/4 in.
=490  1\$aInterview series : Native Theater Festival at the Public Theater (2007-2008)
=500  \\$aTitle supplied by Hemispheric Institute.
=500  \\$aPart of the Hemispheric Institute Digital Video Library.
=518  \\$aFilmed at The Public Theater in New York, NY, on December 7, 2007.
=508  \\$aHemispheric Institute of Performance and Politics, producer.
=511  0\$aRandy Reinholz, interviewee ; Yvette Nolan, interviewer.
=520  \\$aIn December of 2007, as part of its Native Theater Festival, the Public Theater brought Native theater professionals from around the U.S. and Canada to New York City for a series of readings and discussions. The five-day festival included play readings, post-performance discussions, concerts, roundtables, and the performance of Darrell Dennis' 'Tales of and Urban Indian.' This video documents an interview with Randy Reinholz, conducted by Yvette Nolan as a part of a supplementary Native Theater Festival interview series.
=520  \\$aRandy Reinholz, an enrolled member of the Choctaw Nation of Oklahoma, is co-creator and artistic director of Native Voices. He has directed close to fifty plays across the US and Canada. Reinholz was the director and executive producer of Urban Tattoo and the critically acclaimed Equity productions of 'Jump Kiss,' 'The Buz'Gem Blues,' and 'Please Do Not Touch the Indians' and was the executive producer of the 2005 world premiere of 'Kino & Teresa.' In 2006, Reinholz produced and directed the world premieres and tours of 'Stone Heart' and 'The Red Road,' and the staged reading of 'Wild Horses' at The Kennedy Center's New Visions/New Voices. In 2007 his production of 'The Berlin Blues' premiered in Los Angeles. The last three Native Voices productions have been remounted at the National Museum of the American Indian in New York and Washington, D.C. Beyond directing and producing he has co-sponsored showcases and Native American diversity workshops for ABC and NBC and is an annual guest artist for the FOX American Indian Summer Institute. He received his MFA from Cornell University and is a tenured professor of Theatre, Television, and Film at San Diego State University in addition to being on faculty in the Program of American Indian Studies. Yvette Nolan (Algonquin from Kitiganzibi) is a playwright, dramaturg, and director. Her plays include 'Annie Mae's Movement,' 'BLADE,' 'Job's Wife,' 'Video,' the libretto 'Hilda Blake' and the radio play 'Owen.' As a dramaturg, she works across Canada, most recently as the Festival Dramaturg for Saskatchewan Playwrights Centre Spring Festival. She was the president of the Playwrights Union of Canada 1998-2001, and of Playwrights Canada Press 2003-2005. She is currently the Artistic Director of Native Earth Performing Arts in Toronto.
=530  \\$aAlso available online as streaming video.
=534  \\$pMedia source original:$e1 videocassette of 1 (Mini DV) : sd., col. ; 1/4 in. SP.$mPanasonic DVM60.
=540  \\$aThere are copyright restrictions on this collection. For more information, go to the online version of this video.
=600  10$aReinholz, Randy$vInterviews.
=650  \0$aIndians of North America.
=650  \0$aIndigenous peoples.
=650  \0$aTheater.
=650  \0$aPerforming arts.
=653  \\$aNative Americans.
=653  \\$aNative Theater Festival.
=655  \7$aInterview.$2nyu-hidvl
=700  1\$aReinholz, Randy.$4ive
=700  1\$aNolan, Yvette.$4ivr
=710  2\$aHemispheric Institute of Performance and Politics.$4pro
=710  2\$aHemispheric Institute Digital Video Library.
=830  \0$aInterview series : Native Theater Festival at the Public Theater (2007-2008)
=856  40$uhttp://hdl.handle.net/2333.1/h9w0vtq5

