=LDR  04316ngm a2200505 a 4500
=001  003306110
=004  003306110
=005  20100221125019.0
=006  m\\\\\\\\z\\\\\\\\
=007  vd\cvaiz|
=007  cr\cna|||m|||a
=007  vd\cvaiz|
=007  cr\|||||||||||
=008  100221e20071110nyu013\\\\\\\\\\\\vleng\d
=024  7\$aHI2009_022_01$2nyu-hidvl
=024  7\$aHI2009.022_01$2nyu-hidvl
=040  \\$aNNU$beng$cNNU
=079  \\$a(OCoLC)607289475
=245  00$aInterview with Joseph Roach$h[videorecording] :$bwhat is performance studies?
=246  3\$aJoseph Roach
=260  \\$c2007 Nov. 10.
=300  \\$3viewing copy.$a1 videodisc of 1 (DVD) (13 min.) :$bsd., col. ;$c4 3/4 in.
=490  1\$aInterview series : What is performance studies?
=500  \\$aTitle supplied by Hemispheric Institute.
=500  \\$aPart of the Hemispheric Institute Digital Video Library.
=518  \\$aFilmed in New York, NY, on November 10, 2007.
=508  \\$aHemispheric Institute of Performance and Politics, producer.
=511  0\$aJoseph Roach, interviewee ; Diana Taylor, interviewer.
=520  \\$aInterview with Joseph Roach, conducted by Diana Taylor, founding director of the Hemispheric Institute of Performance and Politics. This interview is a part of a series curated by the Hemispheric Institute, articulated around the question 'What is Performance Studies?' The series aims to provide a multifaceted approach to the often difficult task of defining the coordinates of both a field of academic study as well as a lens through which to assess and document cultural practice and embodied behavior. The contingent definitions documented in this series are based on the groundbreaking experiences and the scholarly endeavors of renowned figures in contemporary performance studies and practice.
=520  \\$aJoseph Roach is Sterling Professor of Theatre and Professor of English and African American Studies at Yale University. Dr. Roach has chaired the Department of Performing Arts at Washington University in St. Louis, the Interdisciplinary PhD in Theatre at Northwestern University, and the Department of Performance Studies at NYU. He has served as Director of Graduate Studies in English and Chair of the Theater Studies Advisory Committee at Yale. His most recent book is It (2007), a study of charismatic celebrity. His other books and articles include Cities of the Dead: Circum-Atlantic Performance (1996), The Player's Passion: Studies in the Science of Acting (1993), and essays in Theatre Journal, Theatre Survey, The Drama Review, Theatre History Studies, Discourse, Theater, Text and Performance Quarterly, and others. Roach holds a B.A. from the University of Kansas, an M.A. from the University of Newcastle upon Tyne and a Ph.D. from Cornell University. Roach's many honors include a Senior Fellowship from the National Endowment for the Humanities and a Lifetime Distinguished Scholar Award from the American Society for Theatre Research. In 2006, he won a Distinguished Achievement Award from the Andrew W. Mellon Foundation to create Yale's research program in 'World Performance.' A foremost theater historian and pioneer in the development of performance studies methods and research, his research negotiates the Circum-Atlantic, the threshold between life and death, the relationships between religion, ritual, performance, and daily life, and the way in which history 'isn't over yet.'
=530  \\$aAlso available online as streaming video.
=534  \\$pMedia source original:$e1 videocassette of 1 (Mini DV) : sd., col. ; 1/4 in. SP.
=540  \\$aThere are copyright restrictions on this collection. For more information, go to the online version of this video.
=600  10$aRoach, Joseph R.,$d1947-$vInterviews.
=650  \0$aPerforming arts$xStudy and teaching.
=653  \\$aPerformance studies.
=655  \7$aInterview.$2nyu-hidvl
=700  1\$aRoach, Joseph R.,$d1947-$4ive
=700  1\$aTaylor, Diana,$d1950-$4ivr
=710  2\$aHemispheric Institute of Performance and Politics.$4pro
=710  2\$aHemispheric Institute Digital Video Library.
=830  \0$aInterview series : What is performance studies?
=856  40$uhttp://hdl.handle.net/2333.1/xgxd25th

