=LDR  04109cgm a2200697 a 4500
=001  000549445
=003  NNU
=004  NYUb13541281
=005  20120516143847.0
=006  m\\\\\\\\z\\\\\\\\
=007  vd\cvaizu
=007  vf\ciahou
=007  cr\cna|||m||||
=007  cr\|||||||||||
=008  071003e20070611ag\053\\\\\\\\\\\\vlspa\d
=024  7\$aHI2007_171_01$2nyu-hidvl
=024  7\$aHI2007.171_01$2nyu-hidvl
=035  \\$a(NYU)NYUb13541281
=040  \\$aNNU$cNNU$eamim
=041  0\$aspa
=245  00$aSor Juana, Primero sueño$h[videorecording] =$bSor Juana, First dream.
=246  31$aSor Juana, First dream
=246  30$aPrimero sueño
=246  30$aFirst dream
=246  1\$iAlso called:$aStriptease de Sor Juana
=246  3\$aSor Juana striptease
=260  \\$c2007 June 11.
=300  \\$3master.$a1 videocassette of 1 (Digital Betacam) (53 min.) :$bsd., col. ;$c1/2 in.
=300  \\$3viewing copy.$a1 videodisc of 1 (DVD) (53 min.) :$bsd., col. ;$c4 3/4 in.
=530  \\$aAlso available online as streaming video.
=546  \\$aIn Spanish.
=500  \\$aTitle supplied by Hemispheric Institute.
=500  \\$aPart of the Hemispheric Institute Digital Video Library.
=534  \\$pMedia source original:$e1 videocassette of 1 (Mini DV) : sd., col. ; 1/4 in. SP.$mPanasonic DVM60.
=518  \\$aPerformed at Teatro Empire, Buenos Aires, Argentina, on June 11, 2007, as part of the Sixth Annual Hemispheric Institute Seminar entitled Corpolíticas en las Ámericas / Body Politics in the Americas : formations of race, class and gender.
=508  \\$aHemispheric Institute of Performance and Politics, producer ; Centro Cultural Recoleta, producer ; Jesusa Rodríguez, creator ; Sor Juana Inés de la Cruz, writer ; Gray Wetzler, videographer.
=511  0\$aJesusa Rodríguez, performer.
=520  \\$aVideo documentation of the piece Striptease de Sor Juana (Sor Juana Striptease), performed by Jesusa Rodríguez as a part of the 6th Encuentro of the Hemispheric Institute of Performance and Politics, celebrated in June of 2007 in Buenos Aires, Argentina under the title CORPOLÍTICAS en las Ámericas / Body Politics in the Americas: Formations of Race, Class and Gender. Rodríguez performs a fragment of Sor Juana Inés de la Cruzs 17th century poem, Primero Sueño, which the poet confesses was the only poem she ever wrote for pleasure and for herself. As she strips away the levels of the poem, she also strips away her clothes. Jesusa Rodríguez (www.elhabito.com.mx) is Mexicos leading cabaret and political performance artist, who ran the famous El Hábito in Mexico City with her wife Liliana Felipe. She is the recipient of an Obie Award and the first artist named Senior Fellow of the Hemispheric Institute.
=540  \\$aThere are copyright restrictions on this collection. For more information, go to the online version of this video.
=600  00$aJuana Inés de la Cruz,$cSister,$d1651-1695.$tPrimero sueño$xCriticism and interpretation.
=650  \0$aPerformance poetry.
=650  \0$aPoetry$y17th century.
=653  \\$aPerformance and politics
=653  \\$aBody politics
=655  \7$aPerformance.$2nyu-hidvl
=655  \7$aTheater.$2nyu-hidvl
=655  \7$aFeminist theater.$2nyu-hidvl
=655  \7$aOne-woman show.$2nyu-hidvl
=655  \7$aPoetry.$2nyu-hidvl
=700  1\$aRodríguez, Jesusa.$4cre$4prf
=700  1\$aWetzler, Gray.$4vdg
=700  0\$aJuana Inés de la Cruz,$cSister,$d1651-1695.$tPrimero sueño.
=710  2\$aHemispheric Institute of Performance and Politics.$4pro
=710  2\$aCentro Cultural Recoleta (Buenos Aires, Argentina)$4pro
=710  2\$aHemispheric Institute Digital Video Library.
=711  2\$aHemispheric Institute Encuentro$n(6th :$d2007 :$cBuenos Aires, Argentina).$tCorpolíticas / Body politics in the Americas : formations of race, class and gender.
=856  40$uhttp://hdl.handle.net/2333.1/hx3ffbr3

