=LDR  05517cgm a2200733 a 4500
=001  000031411
=003  NNU
=004  000031411
=005  20100208132456.0
=006  m\\\\\\\\z\\\\\\\\
=007  vd\cvaizu
=007  vf\ciahou
=007  cr\cna|||||||a
=007  cr\|||||||||||
=007  vd\cvaizu
=008  080503e20070426xx\054\\\\\\\\\\\\vleng\d
=024  7\$aHI2007_226_01$2nyu-hidvl
=040  \\$aNNU$cNNU$eamim
=041  0\$aeng$aspa
=043  \\$anwpr---$an-us-ny$an-us---
=245  03$aEl apagón$h[videorecording] =$bThe blackout.
=246  31$aBlackout
=260  \\$c2007 Apr. 26.
=300  \\$3viewing copy.$a1 videodisc of 1 (DVD) (54 min.) :$bsd., col. ;$c4 3/4 in.
=300  \\$3master.$a1 videocassette of 1 (Digital Betacam) (54 min.) :$bsd., col. ;$c1/2 in.
=490  1\$aTeatro Pregones collection
=530  \\$aAlso available online as streaming video.
=546  \\$aIn English and Spanish.
=500  \\$aTitle supplied by Hemispheric Institute.
=500  \\$aPart of the Hemispheric Institute Digital Video Library.
=534  \\$pMedia source original:$e1 videocassette of 1 (Mini DV) : sd., col. ; 1/4 in. SP.$mPanasonic DVM60.
=518  \\$aPerformed at Pregones Theater, The Bronx, New York City, on April 26, 2007.
=508  \\$aPregones Theater, producer, collective creation ; based on the short story 'The night we became people again' by José Luis González ; Rosalba Rolón, Jorge B. Merced, Alvan Colón Lespier, adaptation ; Rosalba Rolón, director ; Desmar Guevara, musical director ; Ricardo Pons, César Rodríguez, music ; Alvan Colón Lespier, production supervisor, lights, set design ; Jessica Moya, stage manager ; Harry Nadal, costumes ; Esteban Lima, lights ; Sabina Rivera, titles operator, tech crew ; Tané Martínez, videographer.
=511  1\$aJosé Joaquín García, Jorge B. Merced, Waldo Antonio Chávez (musician), Jorge Castro (musician), Desmar Guevara (musician).
=520  \\$a'El Apagón/The Blackout' is a bilingual theatrical adaptation of the story 'La noche que volvimos a ser gente' by José Luis González, set to the sounds of popular Latin songs from the 1950s and 1960s. Riding the subway uptown towards El Barrio, and eager to witness the birth of his firstborn, a Puerto Rican man and his best friend face the Northeast Blackout of 1965. A paean to the courage, humor, and humanity of migrant experience, the show has been hailed by critics as 'the quintessential Boricua play.' 'El Apagón' has been performed throughout the United States, and in Puerto Rico, Slovakia, and Holland. This video was taped in April 2007 at Pregones Theater on Walton Avenue in The Bronx, in celebration of the show's 15th anniversary; the performance was premiered at Pregones @ St. Ann's in the Spring of 1992. Founded in 1979 and based in The Bronx, New York City, Pregones Theater (http://www.pregones.org) has performed in more than 400 cities and 13 countries. The company enjoys citywide recognition for their lasting contributions to the performing arts field and are recipients of numerous distinctions including current Leading National Ensemble Theatre Designation from the Doris Duke Charitable Foundation and the Andrew W. Mellon Foundation, Primary Cultural Institution Designation from the New York State Council on the Arts, the New York State Governor's Arts Award, the Culture & Humanities Award from the Center for Puerto Rican Studies, numerous artist and production awards, as well as invitations to appear at international festivals and events. Over the years Pregones has developed a style that combines theater, music and movement, oral and written traditions, and a signature urban sensibility. The ensemble draws from popular Puerto Rican artistic expressions and literature to create and stage its work. Today, Pregones has grown to be one of the leading Puerto Rican/Latino theater theaters in the United States. From migrations to indigenous mythologies to subway stories, the company's repertoire covers a growing sample of Latino experiences and identities.
=540  \\$aThere are copyright restrictions on this collection. For more information, go to the online version of this video.
=650  \0$aTheater$zPuerto Rico.
=600  10$aGonzález, José Luis.$tNoche que volvimos a ser gente$vAdaptations.
=650  \0$aImmigrants.
=650  \0$aPuerto Ricans$zNew York (State)$zNew York.
=650  \0$aHispanic Americans$zNew York (State)$zNew York.
=651  \0$aUnited States$xEmigration and immigration.
=651  \0$aPuerto Rico$xEmigration and immigration.
=653  \\$aBlackout of 1965 (Northeast United States)
=655  \7$aPerformance.$2nyu-hidvl
=655  \7$aTheater.$2nyu-hidvl
=655  \7$aLatino theater.$2nyu-hidvl
=655  \7$aBoricua theater.$2nyu-hidvl
=655  \7$aPuerto Rican theater.$2nyu-hidvl
=655  \7$aBilingual theater.$2nyu-hidvl
=700  1\$aRolón, Rosalba.$4adp$4drt
=700  1\$aMerced, Jorge B.$4adp
=700  1\$aColón Lespier, Alvan.$4adp$4prd$4std
=700  1\$aGuevara, Desmar.$4mus$4drt
=700  1\$aPons, Ricardo.$4mus
=700  1\$aRodríguez, César.$4mus
=710  2\$aPregones Theatre (New York, N.Y.)$4pro$4cre
=710  2\$aHemispheric Institute Digital Video Library.
=830  \0$aTeatro Pregones collection
=856  40$uhttp://hdl.handle.net/2333.1/wwpzgn4x

