=LDR  06227cgm  2200745 a 4500
=001  000031640
=003  NNU
=004  NYUb13610598
=005  20080503142622.0
=006  m\\\\\\\\z\\\\\\\\
=007  vd\cvaizu
=007  vf\ciahou
=007  cr\cna
=007  cr\|||||||||||
=008  080503e20070505xx\098\\\\\\\\\\\\vleng\d
=024  7\$aHI2007_227_01$2nyu-hidvl
=024  7\$aHI2007_228_01$2nyu-hidvl
=024  7\$aHI2007.227_01$2nyu-hidvl
=040  \\$aNNU$cNNU$eamim
=041  0\$aeng$aspa
=079  \\$a(OCoLC)878606466
=245  04$aThe red rose$h[videorecording].
=260  \\$c2007 May 5.
=300  \\$a2 videodiscs of 2 (DVD) (98 min.: pt.1, 53 min. ; pt.2, 45 min.) :$bsd., col. ;$c4 3/4 in.$3viewing copy.
=300  \\$a2 videocassettes of 2 (Digital Betacam) (98 min.) :$bsd., col. ;$c1/2 in.$3master.
=490  1\$aTeatro Pregones collection
=530  \\$aAlso available online as streaming video.
=546  \\$aIn English and Spanish.
=500  \\$aTitle supplied by Hemispheric Institute.
=500  \\$aPart of the Hemispheric Institute Digital Video Library.
=534  \\$pMedia source original:$e2 videocassettes of 2 (Mini DV) : sd., col. ; 1/4 in. SP.$mPanasonic DVM60.
=518  \\$aPerformed at Teatro Stage Fest, New York City, on May 5, 2007.
=508  \\$aPregones Theater, producer, collective creation, adaptation ; based on the writings of Jesus Colón ; Rosalba Rolón, adaptation, director, dramaturg ; Desmar Guevara, composer, musical director ; Arthur Aviles, choreographer ; Regina García, set designer ; Esteban Lima, lighting designer ; Harry Nadal, costume designer ; Jessica Moya, stage manager ; Alvan Colón Lespier, Jorge B. Merced, production management & development ; Tané Martínez, videographer.
=511  1\$aDanny Rivera, Sol Marina Crespo, José Joaquín García, Elise Hernández, Ray Rodriguez Rosa, Omar Pérez, Victoria Pérez ; Waldo Chávez (musician), Desmar Guevara (musician), Sergio Reyes (musician), Roberto Rosario (musician).
=520  \\$a'The Red Rose' narrates the meeting of Puerto Rican activist writer Jesús Colón and undercover FBI agent Mildred Blauvelt, and their subsequent face-off before the House Un-American Activities Committee (HUAC) in 1959. Blauvelt had gone undercover for seven years in the Brooklyn cell of the Communist Party, where she was simply known as comrade Sylvia. Arriving to New York in the winter of 1917, Colón went on to become the distinguished chronicler of the Puerto Rican migrant experience, and one of its enduring contemporary icons. The aesthetic focus of 'The Red Rose' is on the physicality of a work that eschews realistic conventions without doing away with a central narrative thread. Movement, gesture, and dialogue develop in tandem. It combines literary and popular sources, HUAC transcripts and recordings, Colón's private letters, his published articles and stories, press coverage of the Blauvelt episode, and a treasure trove of songs. The production was premiered on November 14, 2005 at Pregones Theater, The Bronx, New York. The sold-out premiere run in 2005-2006 featured international recording artist Danny Rivera. The production won multiple HOLA and ACE Awards including Outstanding Musical and Direction. The original cast recording CD was independently released in March 2006. The production also had a special run at the newly renovated Teatro de la Universidad in Puerto Rico and at the 2007 NY Latino International Theater Festival. Founded in 1979 and based in The Bronx, New York City, Pregones Theater (http://www.pregones.org) has performed in more than 400 cities and 13 countries. The company enjoys citywide recognition for their lasting contributions to the performing arts field and are recipients of numerous distinctions including current Leading National Ensemble Theatre Designation from the Doris Duke Charitable Foundation and the Andrew W. Mellon Foundation, Primary Cultural Institution Designation from the New York State Council on the Arts, the New York State Governor's Arts Award, the Culture & Humanities Award from the Center for Puerto Rican Studies, numerous artist and production awards, as well as invitations to appear at international festivals and events. Over the years Pregones has developed a style that combines theater, music and movement, oral and written traditions, and a signature urban sensibility. The ensemble draws from popular Puerto Rican artistic expressions and literature to create and stage its work. Today, Pregones has grown to be one of the leading Puerto Rican/Latino theater theaters in the United States. From migrations to indigenous mythologies to subway stories, the company's repertoire covers a growing sample of Latino experiences and identities.
=540  \\$aThere are copyright restrictions on this collection. For more information, go to the online version of this video.
=650  \0$aTheater$zPuerto Rico.
=600  10$aColon, Jesus$vAdaptations.
=610  10$aUnited States.$bCongress.$bHouse.$bCommittee on Un-American Activities.
=650  \0$aImmigrants.
=650  \0$aPuerto Ricans$zNew York (State)$zNew York.
=650  \0$aHispanic Americans$zNew York (State)$zNew York.
=651  \0$aUnited States$xEmigration and immigration.
=651  \0$aPuerto Rico$xEmigration and immigration.
=653  \\$aHouse Un-American Activities Committee (HUAC)
=655  \7$aPerformance.$2nyu-hidvl
=655  \7$aTheater.$2nyu-hidvl
=655  \7$aLatino theater.$2nyu-hidvl
=655  \7$aBoricua theater.$2nyu-hidvl
=655  \7$aPuerto Rican theater.$2nyu-hidvl
=700  1\$aRolón, Rosalba.$4adp$4drt
=700  1\$aGuevara, Desmar.$4mus$4drt
=710  2\$aPregones Theatre (New York, N.Y.)$4pro$4cre$4adp
=710  2\$aHemispheric Institute Digital Video Library.
=830  \0$aTeatro Pregones collection
=856  40$uhttp://hdl.handle.net/2333.1/s4mw6mmm
=853  00$81$apt.
=863  50$81.1$a1$p31142047203115
=863  50$81.2$a2$p31142047203107
=954  \\$81$aVolumes

