=LDR  03701ngm a2200505 a 4500
=001  003305797
=004  003305797
=005  20100221130822.0
=006  m\\\\\\\\z\\\\\\\\
=007  vd\cvaiz|
=007  cr\cna|||m|||a
=007  vd\cvaiz|
=007  cr\|||||||||||
=008  100219e20071109nyu009\\\\\\\\\\\\vleng\d
=024  7\$aHI2009_018_01$2nyu-hidvl
=024  7\$aHI2009.018_01$2nyu-hidvl
=040  \\$aNNU$beng$cNNU
=079  \\$a(OCoLC)607286799
=245  00$aInterview with Rebecca Schneider$h[videorecording] :$bwhat is performance studies?
=246  3\$aRebecca Schneider
=260  \\$c2007 Nov. 9.
=300  \\$3viewing copy.$a1 videodisc of 1 (DVD) (9 min.) :$bsd., col. ;$c4 3/4 in.
=490  1\$aInterview series : What is performance studies?
=500  \\$aTitle supplied by Hemispheric Institute.
=500  \\$aPart of the Hemispheric Institute Digital Video Library.
=518  \\$aFilmed in New York, NY, on November 9, 2007.
=508  \\$aHemispheric Institute of Performance and Politics, producer.
=511  0\$aRebecca Schneider, interviewee ; Diana Taylor, interviewer.
=520  \\$aInterview with Rebecca Schneider, conducted by Diana Taylor, founding director of the Hemispheric Institute of Performance and Politics. This interview is a part of a series curated by the Hemispheric Institute, articulated around the question 'What is Performance Studies?' The series aims to provide a multifaceted approach to the often difficult task of defining the coordinates of both a field of academic study as well as a lens through which to assess and document cultural practice and embodied behavior. The contingent definitions documented in this series are based on the groundbreaking experiences and the scholarly endeavors of renowned figures in contemporary performance studies and practice.
=520  \\$aRebecca Schneider, Chair of the Department of Theatre, Speech, and Dance at Brown University, teaches performance studies, theater studies, and theories of intermedia. She is the author of The Explicit Body in Performance (1997). A second book titled Reenactment: Essays on Performance Remains in Visual Culture is forthcoming with Routledge. She has coedited the anthology Re:Direction: A Theoretical and Practical Guide to 20th-Century Directing. She is a contributing editor to TDR: The Drama Review and coeditor with David Krasner of the book series 'Theatre: Theory/Text/Performance' with University of Michigan Press. Schneider has published essays in several anthologies, including Psychoanalysis and Performance, Acting Out: Feminist Performance, Performance and Cultural Politics, and the essay 'Solo Solo Solo' in After Criticism. As a 'performing theorist,' she has collaborated with artists at such sites as the British Museum in London and the Mobile Academy in Berlin.
=530  \\$aAlso available online as streaming video.
=534  \\$pMedia source original:$e1 videocassette of 1 (Mini DV) : sd., col. ; 1/4 in. SP.
=540  \\$aThere are copyright restrictions on this collection. For more information, go to the online version of this video.
=600  10$aSchneider, Rebecca$vInterviews.
=650  \0$aPerforming arts$xStudy and teaching.
=653  \\$aPerformance studies.
=655  \7$aInterview.$2nyu-hidvl
=700  1\$aSchneider, Rebecca.$4ive
=700  1\$aTaylor, Diana,$d1950-$4ivr
=710  2\$aHemispheric Institute of Performance and Politics.$4pro
=710  2\$aHemispheric Institute Digital Video Library.
=830  \0$aInterview series : What is performance studies?
=856  40$uhttp://hdl.handle.net/2333.1/fj6q57rp

