=LDR  03847cgm a2200649 a 4500
=001  000541277
=003  NNU
=004  NYUb13532524
=005  20090409172816.0
=006  m\\\\\\\\z\\\\\\\\
=007  vd\cvaizu
=007  vf\ciahou
=007  cr\cna
=007  cr\|||||||||||
=008  070906e20070611ag\024\\\\\\\\\\\\vleng\d
=024  7\$aHI2007_137_01$2nyu-hidvl
=024  7\$aHI2007.137_01$2nyu-hidvl
=035  \\$a(NYU)NYUb13532524
=040  \\$aNNU$cNNU$eamim
=245  00$aInterview with Reverend Billy & Savitri D. (the Church of Stop Shopping)$h[videorecording]
=246  3\$aInterview with William Talen & Savitri Durkee (the Church of Stop Shopping)
=246  30$aReverend Billy & Savitri D.
=246  30$aWilliam Talen & Savitri Durkee
=260  \\$c2007 June 11.
=300  \\$3master.$a1 videocassette of 1 (Digital Betacam) (24 min.) :$bsd., col. ;$c1/2 in.
=300  \\$3viewing copy.$a1 videodisc of 1 (DVD) (24 min.) :$bsd., col. ;$c4 3/4 in.
=530  \\$aAlso available online as streaming video.
=500  \\$aTitle supplied by Hemispheric Institute.
=500  \\$aPart of the Hemispheric Institute Digital Video Library.
=534  \\$pMedia source original:$e1 videocassette of 1 (Mini DV) : sd., col. ; 1/4 in. SP.$mPanasonic DVM60.
=518  \\$aInterviewed in Buenos Aires, Argentina, on June 11, 2007, as part of the Sixth Annual Hemispheric Institute Seminar entitled Corpolíticas en las Ámericas / Body Politics in the Americas : formations of race, class and gender.
=508  \\$aHemispheric Institute of Performance and Politics, producer ; Centro Cultural Recoleta, producer ; Gray Wetzler, videographer.
=511  0\$aWilliam Talen, interviewee ; Savitri Durkee, interviewee ; Jill Lane, interviewer.
=520  \\$aInterview with Reverend Billy (William Talen) and Savitri D. of the Church of Stop Shopping, conducted by Jill Lane as a part of the 6th Encuentro of the Hemispheric Institute of Performance and Politics, celebrated in June of 2007 in Buenos Aires, Argentina under the title CORPOLÍTICAS en las Américas: Formaciones de Raza, Clase y Género / Body Politics in the Americas: Formations of Race, Class and Gender (http://hemi.nyu.edu/eng/seminar/2007/index.html). Reverend Billy and Savitri D. are performers based in New York, United States. The couple directs the Church of Stop Shopping (www.reverendbilly.org), a radical performance community that uses the styles of fundamentalist televangelism and works within the tradition of The Civil Rights Movement, The Liberation priesthood of Latin America and ACT-UP.
=540  \\$aThere are copyright restrictions on this collection. For more information, go to the online version of this video.
=600  10$aTalen, William$vInterviews.
=600  10$aDurkee, Savitri$vInterviews.
=610  20$aChurch of Stop Shopping$vInterviews.
=650  \0$aPerforming arts$xPolitical aspects.
=653  \\$aReverend Billy
=653  \\$aPerformance and politics
=653  \\$aBody politics
=655  \7$aInterview.$2nyu-hidvl
=700  1\$aTalen, William.$4ive
=700  1\$aD., Savitri.$4ive
=700  1\$aLane, Jill.$4ivr
=700  1\$aWetzler, Gray.$4vdg
=710  2\$aChurch of Stop Shopping.$4ive
=710  2\$aHemispheric Institute of Performance and Politics.$4pro
=710  2\$aCentro Cultural Recoleta (Buenos Aires, Argentina)$4pro
=710  2\$aHemispheric Institute Digital Video Library.
=711  2\$aHemispheric Institute Encuentro$n(6th :$d2007 :$cBuenos Aires, Argentina).$tCorpolíticas / Body politics in the Americas : formations of race, class and gender.
=856  40$uhttp://hdl.handle.net/2333.1/mw6m90hp

