=LDR  03614cgm a2200649 a 4500
=001  000549318
=003  NNU
=004  NYUb13541125
=005  20090409172820.0
=006  m\\\\\\\\z\\\\\\\\
=007  vd\cvaizu
=007  vf\ciahou
=007  cr\cna
=007  cr\|||||||||||
=008  071002e20070610ag\034\\\\\\\\\\\\vleng\d
=024  7\$aHI2007_167_01$2nyu-hidvl
=024  7\$aHI2007.167_01$2nyu-hidvl
=035  \\$a(NYU)NYUb13541125
=040  \\$aNNU$cNNU$eamim
=245  00$aReverend Billy$h[videorecording] :$bReverend Billy preaches.
=246  30$aReverend Billy preaches
=260  \\$c2007 June 10.
=300  \\$3master.$a1 videocassette of 1 (Digital Betacam) (34 min.) :$bsd., col. ;$c1/2 in.
=300  \\$3viewing copy.$a1 videodisc of 1 (DVD) (34 min.) :$bsd., col. ;$c4 3/4 in.
=530  \\$aAlso available online as streaming video.
=500  \\$aTitle supplied by Hemispheric Institute.
=500  \\$aPart of the Hemispheric Institute Digital Video Library.
=534  \\$pMedia source original:$e1 videocassette of 1 (Mini DV) : sd., col. ; 1/4 in. SP.$mPanasonic DVM60.
=518  \\$aPerformed at Centro Cultural Recoleta, Buenos Aires, Argentina, on June 10, 2007, as part of the Sixth Annual Hemispheric Institute Seminar entitled Corpolíticas en las Ámericas / Body Politics in the Americas : formations of race, class and gender.
=508  \\$aHemispheric Institute of Performance and Politics, producer ; Centro Cultural Recoleta, producer, creator ; William ("Bill") Talen, creator ; Savitri D., director ; Beatrice Glow, videographer.
=511  1\$aWilliam Talen ("Reverend Billy").
=520  \\$aVideo documentation of a performance by Reverend Billy and the Church of Stop Shopping, presented as a part of the 6th Encuentro of the Hemispheric Institute of Performance and Politics, celebrated in June of 2007 in Buenos Aires, Argentina under the title CORPOLÍTICAS en las Ámericas / Body Politics in the Americas: Formations of Race, Class and Gender. The Church of Stop Shopping (www.reverendbilly.org) is a radical performance community, using the styles of fundamentalist televangelism as a frame for the performance of socially progressive content. Reverend Billy Preaches is a small preaching performance in which Reverend Billy speaks to people about shopping, sin and salvation.
=540  \\$aThere are copyright restrictions on this collection. For more information, go to the online version of this video.
=650  \0$aSin.
=650  \0$aSalvation.
=650  \0$aShopping$xSocial aspects.
=653  \\$aReverend Billy
=653  \\$aPerformance and politics
=653  \\$aBody politics
=655  \7$aPerformance.$2nyu-hidvl
=655  \7$aTheater.$2nyu-hidvl
=655  \7$aPolitical theater.$2nyu-hidvl
=655  \7$aSatire.$2nyu-hidvl
=655  \7$aParody.$2nyu-hidvl
=700  1\$aTalen, William.$4cre$4prf
=700  1\$aD., Savitri.$4drt
=700  1\$aGlow, Beatrice.$4vdg
=710  2\$aChurch of Stop Shopping.$4cre
=710  2\$aHemispheric Institute of Performance and Politics.$4pro
=710  2\$aCentro Cultural Recoleta (Buenos Aires, Argentina)$4pro
=710  2\$aHemispheric Institute Digital Video Library.
=711  2\$aHemispheric Institute Encuentro$n(6th :$d2007 :$cBuenos Aires, Argentina).$tCorpolíticas / Body politics in the Americas : formations of race, class and gender.
=856  40$uhttp://hdl.handle.net/2333.1/x69p8dcj

