=LDR  03882cgm a2200625 a 4500
=001  000541315
=003  NNU
=004  NYUb13532567
=005  20090409172825.0
=006  m\\\\\\\\z\\\\\\\\
=007  vd\cvaizu
=007  vf\ciahou
=007  cr\cna
=007  cr\|||||||||||
=008  070906e20070615ag\022\\\\\\\\\\\\vleng\d
=024  7\$aHI2007_140_01$2nyu-hidvl
=024  7\$aHI2007.140_01$2nyu-hidvl
=035  \\$a(NYU)NYUb13532567
=040  \\$aNNU$cNNU$eamim
=245  00$aInterview with Rulan Tangen (Dancing Earth) & Leland Chapin (Los Colores Studio)$h[videorecording]
=246  3\$aInterview with Rulan Tangen & Leland Chapin
=246  3\$aRulan Tangen & Leland Chapin
=260  \\$c2007 June 15.
=300  \\$3master.$a1 videocassette of 1 (Digital Betacam) (22 min.) :$bsd., col. ;$c1/2 in.
=300  \\$3viewing copy.$a1 videodisc of 1 (DVD) (22 min.) :$bsd., col. ;$c4 3/4 in.
=530  \\$aAlso available online as streaming video.
=500  \\$aTitle supplied by Hemispheric Institute.
=500  \\$aPart of the Hemispheric Institute Digital Video Library.
=534  \\$pMedia source original:$e1 videocassette of 1 (Mini DV) : sd., col. ; 1/4in. SP.$mPanasonic DVM60.
=518  \\$aInterviewed in Buenos Aires, Argentina, on June 15, 2007, as part of the Sixth Annual Hemispheric Institute Seminar entitled Corpolíticas en las Ámericas / Body Politics in the Americas : formations of race, class and gender.
=508  \\$aHemispheric Institute of Performance and Politics, producer ; Centro Cultural Recoleta, producer ; Pilar Rau, videographer.
=511  0\$aRulan Tangen, interviewee ; Leland Chapin, interviewee ; Jennifer Cayer, interviewer.
=520  \\$aInterview with Rulan Tangen (Dancing Earth) and Leland Chapin (Los Colores Studio), conducted by Jennifer Cayer as a part of the 6th Encuentro of the Hemispheric Institute of Performance and Politics, celebrated in June of 2007 in Buenos Aires, Argentina under the title CORPOLÍTICAS en las Américas: Formaciones de Raza, Clase y Género / Body Politics in the Americas: Formations of Race, Class and Gender (http://hemi.nyu.edu/eng/seminar/2007/index.html). Rulan Tangen is a lifelong dance artist living in Santa Fe, New Mexico, United States. She is the director and choreographer of the internationally acclaimed Dancing Earth Indigenous Contemporary Dance Creations (www.dancingearth.org). Leland Chapin (http://www.myspace.com/coloresstudio) is a bilingual visual artist and art instructor living in Santa Fe, New Mexico, United States. He holds a bachelors degree in Fine Art and a masters degree in Teaching Visual Art. He is also an alumnus of Teach for America, 2001-2003.
=540  \\$aThere are copyright restrictions on this collection. For more information, go to the online version of this video.
=600  10$aTangen, Rulan$vInterviews.
=600  10$aChapin, Leland$vInterviews.
=610  20$aDancing Earth.
=650  \0$aPerforming arts$xPolitical aspects.
=653  \\$aLos Colores Studio
=653  \\$aPerformance and politics
=653  \\$aBody politics
=655  \7$aInterview.$2nyu-hidvl
=700  1\$aTangen, Rulan.$4ive
=700  1\$aChapin, Leland.$4ive
=700  1\$aCayer, Jennifer.$4ivr
=700  1\$aRau, Pilar.$4vdg
=710  2\$aHemispheric Institute of Performance and Politics.$4pro
=710  2\$aCentro Cultural Recoleta (Buenos Aires, Argentina)$4pro
=710  2\$aHemispheric Institute Digital Video Library.
=711  2\$aHemispheric Institute Encuentro$n(6th :$d2007 :$cBuenos Aires, Argentina).$tCorpolíticas / Body politics in the Americas : formations of race, class and gender.
=856  40$uhttp://hdl.handle.net/2333.1/7m0cfxw3

