=LDR  03812ngm a2200565 a 4500
=001  003335539
=004  003335539
=005  20110615135016.0
=006  m\\\\\\\\z\\\\\\\\
=007  vd\cvaiz|
=007  cr\cna|||m|||a
=007  vd\cvaiz|
=007  cr\|||||||||||
=008  100603e20071207nyu006\\\\\\\\\\\\vleng\d
=024  7\$aHI2009_034_01$2nyu-hidvl
=040  \\$aNNU$beng$cNNU
=079  \\$a(OCoLC)639466636
=245  00$aInterview with Drew Hayden Taylor$h[videorecording].
=246  3\$aDrew Hayden Taylor
=246  1\$iTitle on disc label:$aInterview with Drew Hayen [sic] Taylor
=246  3\$aDrew Hayen [sic] Taylor
=260  \\$c2007 Dec. 7.
=300  \\$3viewing copy.$a1 videodisc of 1 (DVD) (6 min.) :$bsd., col. ;$c4 3/4 in.
=490  1\$aInterview series : Native Theater Festival at the Public Theater (2007-2008)
=500  \\$aTitle supplied by Hemispheric Institute.
=500  \\$aPart of the Hemispheric Institute Digital Video Library.
=518  \\$aFilmed at The Public Theater in New York, NY, on December 7, 2007.
=508  \\$aHemispheric Institute of Performance and Politics, producer.
=511  0\$aDrew Hayden Taylor, interviewee ; Kennetch Charlette, interviewer.
=520  \\$aIn December of 2007, as part of its Native Theater Festival, the Public Theater brought Native theater professionals from around the U.S. and Canada to New York City for a series of readings and discussions. The five-day festival included play readings, post-performance discussions, concerts, roundtables, and the performance of Darrell Dennis' 'Tales of and Urban Indian.' This video documents an interview with Drew Hayden Taylor, conducted by Kennetch Charlette as a part of a supplementary Native Theater Festival interview series.
=520  \\$aDrew Hayden Taylor has done everything from performing stand up comedy at the Kennedy Center in Washington D.C. to lecturing on the films of Sherman Alexie at the British Museum in England. He is an award winning playwright (with over 70 productions of his work), documentary film maker, script writer, journalist and essayist. With 18 books to his credit, Drew also enjoys writing a humor column for five Canadian newspapers. Curve Lake Reserve (Ojibway) is where he was born and currently lives. Kennetch Charlette is from Sandy Bay Saskatchewan, Canada. He is of the Cree Nation. Kennetch has been working for many years as an actor and director. He is the Founding Artistic Director of the Saskatchewan Native Theatre Company (SNTC). Recent credits include the many shows at SNTC and also directing Drew Hayden Taylor's 'In World Created by a Drunken God' at the Persephone Theatre in Sakatchewan and Taylor's 'Buzz Gem Blues' at Trinity Rep in Providence, Rhode Island.
=530  \\$aAlso available online as streaming video.
=534  \\$pMedia source original:$e1 videocassette of 1 (Mini DV) : sd., col. ; 1/4 in. SP.$mPanasonic DVM60.
=540  \\$aThere are copyright restrictions on this collection. For more information, go to the online version of this video.
=600  10$aTaylor, Drew Hayden,$d1962-$vInterviews.
=650  \0$aIndians of North America.
=650  \0$aIndigenous peoples.
=650  \0$aTheater.
=650  \0$aPerforming arts.
=653  \\$aNative Americans.
=653  \\$aNative Theater Festival.
=655  \7$aInterview.$2nyu-hidvl
=700  1\$aTaylor, Drew Hayden,$d1962-$4ive
=700  1\$aCharlette, Kennetch.$4ivr
=710  2\$aHemispheric Institute of Performance and Politics.$4pro
=710  2\$aHemispheric Institute Digital Video Library.
=830  \0$aInterview series : Native Theater Festival at the Public Theater (2007-2008)
=856  40$uhttp://hdl.handle.net/2333.1/cjsxkt6x

