=LDR  04244ngm a2200541 a 4500
=001  003335543
=004  003335543
=005  20110615135006.0
=006  m\\\\\\\\z\\\\\\\\
=007  vd\cvaiz|
=007  cr\cna|||m|||a
=007  vd\cvaiz|
=007  cr\|||||||||||
=008  100603e20071207nyu009\\\\\\\\\\\\vleng\d
=024  7\$aHI2009_035_01$2nyu-hidvl
=040  \\$aNNU$beng$cNNU
=079  \\$a(OCoLC)639466637
=245  00$aInterview with Sheila Tousey$h[videorecording].
=246  3\$aSheila Tousey
=260  \\$c2007 Dec. 7.
=300  \\$3viewing copy.$a1 videodisc of 1 (DVD) (9 min.) :$bsd., col. ;$c4 3/4 in.
=490  1\$aInterview series : Native Theater Festival at the Public Theater (2007-2008)
=500  \\$aTitle supplied by Hemispheric Institute.
=500  \\$aPart of the Hemispheric Institute Digital Video Library.
=518  \\$aFilmed at The Public Theater in New York, NY, on December 7, 2007.
=508  \\$aHemispheric Institute of Performance and Politics, producer.
=511  0\$aSheila Tousey, interviewee ; Diane Glancy, interviewer.
=520  \\$aIn December of 2007, as part of its Native Theater Festival, the Public Theater brought Native theater professionals from around the U.S. and Canada to New York City for a series of readings and discussions. The five-day festival included play readings, post-performance discussions, concerts, roundtables, and the performance of Darrell Dennis' 'Tales of and Urban Indian.' This video documents an interview with Sheila Tousey, conducted by Diane Glancy as a part of a supplementary Native Theater Festival interview series.
=520  \\$aSheila Tousey (Menominee and Stockbridge-Munsee) has acted in many productions in NYC and regional theaters across the U.S. Some of the directors she has worked with include Joann Akalaitis, Joe Chaiken, Linda Chapman, Kennetch Charlette, Liviu Ciulei, David Esbjornson, Hanay Geiogamah (American Indian Dance Theater), Muriel Miguel, Lisa Peterson, Elizabeth Theobald Richards, Sam Shepard, Tony Taccone, Paul Walker and Robert Woodruff. Sheila, along with Maria Vail and in collaboration with Sam Shepard, recently adapted 'Bottlehouse,' a play based on the short stories and poetry of Sam Shepard. Training: MFA NYU Graduate Acting Program. Diane Glancy (Cherokee) is a professor at Macalester College in St. Paul, Minnesota, where she has taught Native American Literature and Creative Writing. She received her M.F.A. from the University of Iowa. Glancy has published two books of plays, 'American Gypsy' (University of Oklahoma Press, 2002), and 'War Cries' (Holy Cow! 1998). A group of shorter plays, 'The Sum of Winter,' and an introduction to factional theater appear online at www.alexanderstreet.com. Her plays also appear in various anthologies. Diane Glancy's last play, 'Stone Heart: Everybody Loves a Journey West,' the story of Sacajawea accompanying the 1804-06 Lewis & Clark expedition, was produced in 2006 at the Autry National Center in Los Angeles and traveled to the Smithsonian Museum of the Native American in NYC and the National Museum of the American Indian on the Mall in Washington, D.C. Glancy has also published novels, short stories, essays, and poetry.
=530  \\$aAlso available online as streaming video.
=534  \\$pMedia source original:$e1 videocassette of 1 (Mini DV) : sd., col. ; 1/4 in. SP.$mPanasonic DVM60.
=540  \\$aThere are copyright restrictions on this collection. For more information, go to the online version of this video.
=600  10$aTousey, Sheila$vInterviews.
=650  \0$aIndians of North America.
=650  \0$aIndigenous peoples.
=650  \0$aTheater.
=650  \0$aPerforming arts.
=653  \\$aNative Americans.
=653  \\$aNative Theater Festival.
=655  \7$aInterview.$2nyu-hidvl
=700  1\$aTousey, Sheila.$4ive
=700  1\$aGlancy, Diane.$4ivr
=710  2\$aHemispheric Institute of Performance and Politics.$4pro
=710  2\$aHemispheric Institute Digital Video Library.
=830  \0$aInterview series : Native Theater Festival at the Public Theater (2007-2008)
=856  40$uhttp://hdl.handle.net/2333.1/7sqv9spk

