=LDR  04290ngm a2200505 a 4500
=001  003305796
=004  003305796
=005  20100221130808.0
=006  m\\\\\\\\z\\\\\\\\
=007  vd\cvaiz|
=007  cr\cna|||m|||a
=007  vd\cvaiz|
=007  cr\|||||||||||
=008  100219e20071004nyu007\\\\\\\\\\\\vleng\d
=024  7\$aHI2009_017_01$2nyu-hidvl
=024  7\$aHI2009.017_01$2nyu-hidvl
=040  \\$aNNU$beng$cNNU
=079  \\$a(OCoLC)607286777
=245  00$aInterview with Kay Turner$h[videorecording] :$bwhat is performance studies?
=246  3\$aKay Turner
=260  \\$c2007 Oct. 4.
=300  \\$3viewing copy.$a1 videodisc of 1 (DVD) (7 min.) :$bsd., col. ;$c4 3/4 in.
=490  1\$aInterview series : What is performance studies?
=500  \\$aTitle supplied by Hemispheric Institute.
=500  \\$aPart of the Hemispheric Institute Digital Video Library.
=518  \\$aFilmed in New York, NY, on October 4, 2007.
=508  \\$aHemispheric Institute of Performance and Politics, producer.
=511  0\$aKay Turner, interviewee ; Diana Taylor, interviewer.
=520  \\$aInterview with Kay Turner, conducted by Diana Taylor, founding director of the Hemispheric Institute of Performance and Politics. This interview is a part of a series curated by the Hemispheric Institute, articulated around the question 'What is Performance Studies?' The series aims to provide a multifaceted approach to the often difficult task of defining the coordinates of both a field of academic study as well as a lens through which to assess and document cultural practice and embodied behavior. The contingent definitions documented in this series are based on the groundbreaking experiences and the scholarly endeavors of renowned figures in contemporary performance studies and practice.
=520  \\$aKay Turner holds a PhD in folklore and anthropology from the University of Texas at Austin. Her areas of specialization are women's performed folklore (especially in the arenas of oral narrative, folk religion, and material culture) and feminist and lesbian/gay/queer interpretations of folklore and popular culture. She teaches adjunct in the Performance Studies Department at NYU and is also based at the Brooklyn Arts Council, where Turner works as the folklorist for the Borough of Brooklyn, researching and presenting the diverse folk arts and artists of Brooklyn. In September 2006 she curated Here Was New York: Twin Towers in Memorial Images, and in September 2007, 'September 11th Remembered in Film.' In March 2008, she produced Brooklyn Maqam: Arab Music Festival, a major presentation project on Arab music traditions in Brooklyn, held in venues throughout Brooklyn and Manhattan. Her publications include Beautiful Necessity: The Art and Meaning of Women's Altars; Between Us: A Legacy of Lesbian Love Letters; and Baby Precious Always Shines, an edited selection of love notes between Gertrude Stein and Alice B. Toklas. Currently, she is working on a long essay concerning ephemerality and September 11th and a new book project, Transgressive Tales: Rethinking the Grimms' Fairy Tales from Feminist and Queer Perspectives. She is the co-founder of the lezzie rock band Girls in the Nose, based in Austin, TX from 1985-1996. Her current musical projects include NYC-based SNAGGLETOOTH with NYU medievalist Dr. Carolyn Dinshaw, and MEDUSABULLDOZER, a group she works with in Athens, GA.
=530  \\$aAlso available online as streaming video.
=534  \\$pMedia source original:$e1 videocassette of 1 (Mini DV) : sd., col. ; 1/4 in. SP.
=540  \\$aThere are copyright restrictions on this collection. For more information, go to the online version of this video.
=600  10$aTurner, Kay,$d1948-$vInterviews.
=650  \0$aPerforming arts$xStudy and teaching.
=653  \\$aPerformance studies.
=655  \7$aInterview.$2nyu-hidvl
=700  1\$aTurner, Kay,$d1948-$4ive
=700  1\$aTaylor, Diana,$d1950-$4ivr
=710  2\$aHemispheric Institute of Performance and Politics.$4pro
=710  2\$aHemispheric Institute Digital Video Library.
=830  \0$aInterview series : What is performance studies?
=856  40$uhttp://hdl.handle.net/2333.1/k98sf881

