=LDR  04004cgm a2200673 a 4500
=001  000549254
=003  NNU
=004  NYUb13541053
=005  20090409172828.0
=006  m\\\\\\\\z\\\\\\\\
=007  vd\cvaizu
=007  vf\ciahou
=007  cr\cna
=007  cr\|||||||||||
=008  071002e20070608ag\030\\\\\\\\\\\\vlspa\d
=024  7\$aHI2007_164_01$2nyu-hidvl
=024  7\$aHI2007.164_01$2nyu-hidvl
=035  \\$a(NYU)NYUb13541053
=040  \\$aNNU$cNNU$eamim
=041  0\$aspa
=245  00$aDiana Raznovich$h[videorecording] :$bEl cuerpo efímero : una muerte de lujo.
=246  30$aCuerpo efímero :$buna muerte de lujo
=246  3\$aEphemeral body :$ba luxury death
=260  \\$c2007 June 8.
=300  \\$3master.$a1 videocassette of 1 (Digital Betacam) (30 min.) :$bsd., col. ;$c1/2 in.
=300  \\$3viewing copy.$a1 videodisc of 1 (DVD) (30 min.) :$bsd., col. ;$c4 3/4 in.
=530  \\$aAlso available online as streaming video.
=546  \\$aIn Spanish.
=500  \\$aTitle supplied by Hemispheric Institute.
=500  \\$aPart of the Hemispheric Institute Digital Video Library.
=534  \\$pMedia source original:$e1 videocassette of 1 (Mini DV) : sd., col. ; 1/4 in. SP.$mPanasonic DVM60.
=518  \\$aPerformed at Centro Cultural Recoleta, Buenos Aires, Argentina, on June 8, 2007, as part of the Sixth Annual Hemispheric Institute Seminar entitled Corpolíticas en las Ámericas / Body Politics in the Americas : formations of race, class and gender.
=508  \\$aHemispheric Institute, producer ; Centro Cultural Recoleta, producer ; Diana Raznovich, creator, author, cartoonist ; Lidia Milani, video ; Delia Cancela, wardrobe consultant ; Marga Borja, staging consultant ; Beatrice Glow, videographer.
=511  1\$aPía Uribelarrea.
=520  \\$aVideo documentation of the performance El cuerpo efímero: una muerte de lujo, (The Ephemeral Body: A Luxury Death) presented as a part of the 6th Encuentro of the Hemispheric Institute of Performance and Politics, celebrated in June of 2007 in Buenos Aires, Argentina under the title CORPOLÍTICAS en las Américas: Formaciones de Raza, Clase y Género / Body Politics in the Americas: Formations of Race, Class and Gender. Created by Diana Raznovich (http://www.autores.org.ar/dianaraz) and performed by Pía Uribelarrea, El cuerpo efímero explores the ways in which anorexia responds to a paradigm espoused by pharmaceutical multinational corporations, the fashion and beauty industries, and companies that make all kind of diet products. The process of producing brand fashion begins in clandestine factories that hire women at slave wages and ends in catwalks that hire slaves who pay with their death.
=540  \\$aThere are copyright restrictions on this collection. For more information, go to the online version of this video.
=650  \0$aAnorexia.
=650  \0$aAnorexia nervosa.
=653  \\$aPerformance and politics
=653  \\$aBody politics
=655  \7$aPerformance.$2nyu-hidvl
=655  \7$aMultimedia performance.$2nyu-hidvl
=655  \7$aFeminist performance.$2nyu-hidvl
=655  \7$aOne-person show (Performing arts)$2nyu-hidvl
=700  1\$aUribelarrea, Pía.$4prf
=700  1\$aRaznovich, Diana.$4cre$4aut
=700  1\$aGlow, Beatrice.$4vdg
=700  1\$aMilani, Lidia.$4oth
=700  1\$aCancela, Delia.$4csl
=700  1\$aBorja, Marga.$4csl
=710  2\$aHemispheric Institute of Performance and Politics.$4pro
=710  2\$aCentro Cultural Recoleta (Buenos Aires, Argentina)$4pro
=710  2\$aHemispheric Institute Digital Video Library.
=711  2\$aHemispheric Institute Encuentro$n(6th :$d2007 :$cBuenos Aires, Argentina).$tCorpolíticas / Body politics in the Americas : formations of race, class and gender.
=856  40$uhttp://hdl.handle.net/2333.1/9cnp5j0z

