=LDR  05589cgm a2200817 a 4500
=001  000549236
=003  NNU
=004  NYUb13541035
=005  20110523114035.0
=006  m\\\\\\\\z\\\\\\\\
=007  vd\cvaizu
=007  vf\ciahou
=007  cr\cna|||m|||a
=007  \\vd
=007  cr\|||||||||||
=008  071002e20070610ag\068\\\\\\\\\\\\vlspa\d
=024  7\$aHI2007_162_01$2nyu-hidvl
=024  7\$aHI2007_163_01$2nyu-hidvl
=024  7\$aHI2007.162_01$2nyu-hidvl
=035  \\$a(NYU)NYUb13541035
=040  \\$aNNU$cNNU$eamim
=041  0\$aspa
=245  00$aMapa Teatro$h[videorecording] :$bTestigo de las ruinas.
=246  30$aTestigo de las ruinas
=246  31$aWitness to the ruins
=260  \\$c2007 June 10.
=300  \\$3master.$a2 videocassettes of 2 (Digital Betacam) (68 min.) :$bsd., col. ;$c1/2 in.
=300  \\$3viewing copy.$a2 videodiscs of 2 (DVD) (68 min. : pt.1, 57 min. ; pt.2, 11 min.) :$bsd., col. ;$c4 3/4 in.
=490  1\$aMapa Teatro : Laboratorio de Artistas collection
=530  \\$aAlso available online as streaming video.
=546  \\$aIn Spanish.
=500  \\$aTitle supplied by Hemispheric Institute.
=500  \\$aPart of the Hemispheric Institute Digital Video Library.
=534  \\$pMedia source original:$e2 videocassettes of 2 (Mini DV) : sd., col. ; 1/4 in. SP.$mPanasonic DVM60.
=518  \\$aPerformed at Centro Cultural Recoleta, Buenos Aires, Argentina, on June 10, 2007, as part of the Sixth Annual Hemispheric Institute Seminar entitled Corpolíticas en las Ámericas / Body Politics in the Americas : formations of race, class and gender.
=508  \\$aHemispheric Institute of Performance and Politics, producer ; Centro Cultural Recoleta, producer ; Mapa Teatro, creator ; Ximena Vargas, producer, assistant director ; José Ignacio Rincón, producer ; Heidi Abderhalden Cortés, director, dramaturgy ; Rolf Abderhalden Cortés, director, visual design ; Lucas Maldonado, production assistant, video footage, tech design, editor ; Orlando Pérez, production assistant ; Carlos Benavides Champi, Felipe López, sound design ; Yesid Vásquez Minga, additional sound ; Carlos Ángel, Natasha Iartorvska, archival footage ; Rolando Vargas, Luis Antonio Delgado, tech design, editors ; Fernando Cruz, photography ; José Ignacio Rincón, set & lighting ; Juan Carlos Vallejo, consultant ; Abeyamí Ortega, videographer.
=511  0\$aJuana María Ramírez, live testimony ; Former residents of Santa Inés - El Cartucho (Luis Carlos Arango, Jairo Alfredo Cárdenas, Daniel Carpintero, Johrnell Carpintero, Carlos Alberto Carrillo, Jorge Enrique Gaitán, Giovanni García, Clara Emilia González, Édison López, Hilda Zoraida López, Claudia Moreno, Luz Ángela Moreno, Margarita Palacio, Luis Ernesto Pardo, Camilo Rengifo Tangarife, Sandra Milena Tangarife), video participation.
=520  \\$aVideo documentation of Mapa Teatro's performance 'Testigo de las Ruinas' ('Witness to the Ruins'), presented as a part of the 6th Encuentro of the Hemispheric Institute of Performance and Politics, celebrated in June of 2007 in Buenos Aires, Argentina under the title 'CORPOLÍTICAS en las Ámericas: Formaciones de Raza, Clase y Género / Body Politics in the Americas: Formations of Race, Class and Gender.' Mapa Teatro Laboratorio de Artistas (www.mapateatro.org) is a Colombian group that, by documenting the process of disappearance of a neighborhood, seeks to make visible molecular places where residues of otherness remain, traces of that which has been lost, narrations that reconfigure the neighborhood's memory. 'Testigo de las Ruinas' synthesizes, in a non-chronological or linear way, Mapa Teatro's experience during the process of disappearance of a place, and the appearance of a non-place. Mapa Teatro reiterates its interest in inscribing, to the end, its experience as a 'witness' through an artistic 'gesture.'
=540  \\$aThere are copyright restrictions on this collection. For more information, go to the online version of this video.
=650  \0$aNeighborhoods.
=650  \0$aOther (Philosophy)
=651  \0$aEl Cartucho (Bogotá, Colombia)
=653  \\$aPerformance and politics
=653  \\$aBody politics
=653  \\$aSanta Inés-El Cartucho, Bogotá, Colombia
=655  \7$aPerformance.$2nyu-hidvl
=655  \7$aVideo performance.$2nyu-hidvl
=655  \7$aMultimedia performance.$2nyu-hidvl
=655  \7$aDocumentary theater.$2nyu-hidvl
=655  \7$aPolitical performance.$2nyu-hidvl
=700  1\$aVargas, Ximena.$4pro$4drt
=700  1\$aRincón, José Ignacio.$4pro
=700  1\$aCortés, Heidi Abderhalden.$4drt
=700  1\$aCortés, Rolf Abderhalden.$4drt
=700  1\$aMaldonado, Lucas.$4prd
=700  1\$aPérez, Orlando.$4prd
=710  2\$aMapa Teatro.$4cre
=710  2\$aHemispheric Institute of Performance and Politics.$4pro
=710  2\$aCentro Cultural Recoleta (Buenos Aires, Argentina)$4pro
=710  2\$aHemispheric Institute Digital Video Library.
=711  2\$aHemispheric Institute Encuentro$n(6th :$d2007 :$cBuenos Aires, Argentina).$tCorpolíticas / Body politics in the Americas : formations of race, class and gender.
=830  \0$aMapa Teatro : Laboratorio de Artistas collection.
=853  00$81$apt.
=863  50$81.1$a1$p31142046116466
=863  50$81.2$a2$p31142046116045
=856  40$uhttp://hdl.handle.net/2333.1/f4qrfjgv
=954  \\$81$aVolumes

