=LDR  03519cgm a2200637 a 4500
=001  000541301
=003  NNU
=004  NYUb13532551
=005  20090409172849.0
=006  m\\\\\\\\c\\\\\\\\
=007  vd\cvaizu
=007  vf\ciahou
=007  cr\cna
=007  cr\|||||||||||
=008  070906e20070614ag\024\\\\\\\\\\\\vlspa\d
=024  7\$aHI2007_139_01$2nyu-hidvl
=024  7\$aHI2007.139_01$2nyu-hidvl
=035  \\$a(NYU)NYUb13532551
=040  \\$aNNU$cNNU$eamim
=041  0\$aspa
=043  \\$anwpr---
=245  00$aInterview with Viveca Vázquez$h[videorecording].
=246  30$aViveca Vázquez
=260  \\$c2007 June 14.
=300  \\$3master.$a1 videocassette of 1 (Digital Betacam) (24 min.) :$bsd., col. ;$c1/2 in.
=300  \\$3viewing copy.$a1 videodisc of 1 (DVD) (24 min.) :$bsd., col. ;$c4 3/4 in.
=530  \\$aAlso available online as streaming video.
=546  \\$aIn Spanish.
=500  \\$aTitle supplied by Hemispheric Institute.
=500  \\$aPart of the Hemispheric Institute Digital Video Library.
=534  \\$pMedia source original:$e1 videocassette of 1 (Mini DV) : sd., col. ; 1/4 in. SP.$mPanasonic DVM60.
=518  \\$aInterviewed in Buenos Aires, Argentina, on June 14, 2007, as part of the Sixth Annual Hemispheric Institute Seminar entitled Corpolíticas en las Ámericas / Body Politics in the Americas : formations of race, class and gender.
=508  \\$aHemispheric Institute of Performance and Politics, producer ; Centro Cultural Recoleta, producer ; Pilar Rau, videographer.
=511  0\$aViveca Vázquez, interviewee ; Beliza Torres, interviewer.
=520  \\$aInterview with Viveca Vázquez, conducted by Beliza Torres as a part of the 6th Encuentro of the Hemispheric Institute of Performance and Politics, celebrated in June of 2007 in Buenos Aires, Argentina under the title ‘CORPOLÍTICAS en las Américas: Formaciones de Raza, Clase y Género / Body Politics in the Americas: Formations of Race, Class and Gender’ (http://hemi.nyu.edu/eng/seminar/2007/index.html). Viveca Vázquez is a Humanities and contemporary dance artist and professor at the Universidad de Puerto Rico. Since 1984 she has produced experimental dance events, both on the island and internationally, and has developed a pedagogy based on body conscience and improvisation. She founded Taller de Otra Cosa.
=540  \\$aThere are copyright restrictions on this collection. For more information, go to the online version of this video.
=600  10$aVázquez, Viveca$vInterviews.
=650  \0$aPerforming arts$xPolitical aspects.
=650  \0$aDance$zPuerto Rico.
=650  \0$aModern dance$zPuerto Rico.
=653  \\$aExperimental dance
=653  \\$aPerformance and politics
=653  \\$aBody politics
=655  \7$aInterview.$2nyu-hidvl
=700  1\$aVázquez, Viveca.$4ive
=700  1\$aTorres, Beliza.$4ivr
=700  1\$aRau, Pilar.$4vdg
=710  2\$aHemispheric Institute of Performance and Politics.$4pro
=710  2\$aCentro Cultural Recoleta (Buenos Aires, Argentina)$4pro
=710  2\$aHemispheric Institute Digital Video Library.
=711  2\$aHemispheric Institute Encuentro$n(6th :$d2007 :$cBuenos Aires, Argentina).$tCorpolíticas / Body politics in the Americas : formations of race, class and gender.
=856  40$uhttp://hdl.handle.net/2333.1/cc2fqzfp

