=LDR  04097cgm a2200685 a 4500
=001  000549587
=003  NNU
=004  NYUb13541431
=005  20090513104443.0
=006  m\\\\\\\\z\\\\\\\\
=007  vd\cvaizu
=007  vf\ciahou
=007  cr\cna
=007  cr\|||||||||||
=008  071003e20070616ag\023\\\\\\\\\\\\vleng\d
=024  7\$aHI2007_181_01$2nyu-hidvl
=024  7\$aHI2007.181_01$2nyu-hidvl
=035  \\$a(NYU)NYUb13541431
=040  \\$aNNU$cNNU$eamim
=041  0\$aeng$aspa
=043  \\$anwpr---$an-us---
=245  00$aViveca Vázquez$h[videorecording] :$bMascando Inglés.
=246  30$aMascando Inglés
=246  3\$aChewing English
=260  \\$c2007 June 16.
=300  \\$3master.$a1 videocassette of 1 (Digital Betacam) (23 min.) :$bsd., col. ;$c1/2 in.
=300  \\$3viewing copy.$a1 videodisc of 1 (DVD) (23 min.) :$bsd., col. ;$c4 3/4 in.
=530  \\$aAlso available online as streaming video.
=546  \\$aIn English and Spanish.
=500  \\$aTitle supplied by Hemispheric Institute.
=500  \\$aPart of the Hemispheric Institute Digital Video Library.
=534  \\$pMedia source original:$e1 videocassette of 1 (Mini DV) : sd., col. ; 1/4 in. SP.$mPanasonic DVM60.
=518  \\$aPerformed at Centro Cultural Recoleta, Buenos Aires, Argentina, on June 16, 2007, as part of the Sixth Annual Hemispheric Institute Seminar entitled Corpolíticas en las Ámericas / Body Politics in the Americas : formations of race, class and gender.
=508  \\$aHemispheric Institute, producer ; Centro Cultural Recoleta, producer ; Viveca Vázquez, creator, director, choreographer ; Pedro Leopoldo Sánchez Tormes, production assistant ; Beatrice Glow, videographer.
=511  1\$aJosé Álvarez, Jeanne d'Arc Casas, Carla Godreau, Veraalba Santa Torres.
=520  \\$aVideo documentation of Puerto Rican experimental dance piece Mascando Inglés (Chewing English), choreographed by Viveca Vázquez and performed as a part of the 6th Encuentro of the Hemispheric Institute of Performance and Politics, celebrated in June of 2007 in Buenos Aires, Argentina under the title CORPOLÍTICAS en las Américas: Formaciones de Raza, Clase y Género / Body Politics in the Americas: Formations of Race, Class and Gender. Viveca Vázquez is a Humanities and contemporary dance artist and professor at the Universidad de Puerto Rico. Since 1984 she has produced experimental dance events, both on the island and internationally, and has developed a pedagogy based on body conscience and improvisation. She founded Taller de Otra Cosa. Mascando Inglés is an experimental dance choreography that works with the body in the context of the Puerto Rico-U.S. migration and the linguistic displacement that this migration generates.
=540  \\$aThere are copyright restrictions on this collection. For more information, go to the online version of this video.
=650  \0$aEmigration and immigration.
=651  \0$aPuerto Rico$xEmigration and immigration$zUnited States.
=653  \\$aPerformance and politics
=653  \\$aBody politics
=655  \7$aPerformance.$2nyu-hidvl
=655  \7$aDance.$2nyu-hidvl
=655  \7$aContemporary dance.$2nyu-hidvl
=655  \7$aExperimental dance.$2nyu-hidvl
=700  1\$aVázquez, Viveca.$4cre$4drt$4chr
=700  1\$aAlvarez, José$4prf
=700  1\$aArc Casas, Jeanne d'.$4prf
=700  1\$aGodreau, Carla.$4prf
=700  1\$aSanta Torres, Veraalba.$4prf
=700  1\$aGlow, Beatrice.$4vdg
=710  2\$aHemispheric Institute of Performance and Politics.$4pro
=710  2\$aCentro Cultural Recoleta (Buenos Aires, Argentina)$4pro
=710  2\$aHemispheric Institute Digital Video Library.
=711  2\$aHemispheric Institute Encuentro$n(6th :$d2007 :$cBuenos Aires, Argentina).$tCorpolíticas / Body politics in the Americas : formations of race, class and gender.
=856  40$uhttp://hdl.handle.net/2333.1/h1893278

