=LDR  03680cgm a2200637 a 4500
=001  000540999
=003  NNU
=004  NYUb13532230
=005  20090409172857.0
=006  m\\\\\\\\z\\\\\\\\
=007  vd\cvaizu
=007  vf\ciahou
=007  cr\cna
=007  cr\|||||||||||
=008  070905e20070613ag\023\\\\\\\\\\\\vleng\d
=024  7\$aHI2007_129_01$2nyu-hidvl
=024  7\$aHI2007.129_01$2nyu-hidvl
=035  \\$a(NYU)NYUb13532230
=040  \\$aNNU$cNNU$eamim
=245  00$aInterview with Lois Weaver & Peggy Shaw (Split Britches)$h[videorecording]
=246  3\$aInterview with Split Britches (Lois Weaver & Peggy Shaw)
=246  30$aLois Weaver & Peggy Shaw
=260  \\$c2007 June 13.
=300  \\$3master.$a1 videocassette of 1 (Digital Betacam) (23 min.) :$bsd., col. ;$c1/2 in.
=300  \\$3viewing copy.$a1 videodisc of 1 (DVD) (23 min.) :$bsd., col. ;$c4 3/4 in.
=530  \\$aAlso available online as streaming video.
=500  \\$aTitle supplied by Hemispheric Institute.
=500  \\$aPart of the Hemispheric Institute Digital Video Library.
=534  \\$pMedia source original:$e1 videocassette of 1 (Mini DV) : sd., col. ; 1/4 in. SP.$mPanasonic DVM60.
=518  \\$aInterviewed in Buenos Aires, Argentina, on June 13, 2007, as part of the Sixth Annual Hemispheric Institute Seminar entitled Corpolíticas en las Ámericas / Body Politics in the Americas : formations of race, class and gender.
=508  \\$aHemispheric Institute of Performance and Politics, producer ; Centro Cultural Recoleta, producer ; Pilar Rau, videographer.
=511  0\$aLois Weaver, interviewee ; Peggy Shaw, interviewee ; Sarah Townsend, interviewer.
=520  \\$aInterview with Lois Weaver and Peggy Shaw of Split Britches, conducted by Sarah Townsend as a part of the 6th Encuentro of the Hemispheric Institute of Performance and Politics, celebrated in June of 2007 in Buenos Aires, Argentina under the title CORPOLÍTICAS en las Américas: Formaciones de Raza, Clase y Género / Body Politics in the Americas: Formations of Race, Class and Gender (http://hemi.nyu.edu/eng/seminar/2007/index.html). Split Britches (www.splitbritches.com) was founded in 1981 at the WOW Café in New York, United States. The group is part of Staging Human Rights, where they work in prisons in Rio de Janeiro and England. They are also associate artists on the Clod Ensembles performing medicine project.
=540  \\$aThere are copyright restrictions on this collection. For more information, go to the online version of this video.
=600  10$aWeaver, Lois$vInterviews.
=600  10$aShaw, Peggy$vInterviews.
=610  20$aSplit Britches (Theatre company)$vInterviews.
=650  \0$aLesbian theater.
=650  \0$aPerforming arts$xPolitical aspects.
=653  \\$aBody politics
=653  \\$aPerformance and politics
=655  \7$aInterview.$2nyu-hidvl
=700  1\$aWeaver, Lois.$4ive
=700  1\$aShaw, Peggy.$4ive
=700  1\$aTownsend, Sarah.$4ivr
=700  1\$aRau, Pilar.$4vdg
=710  2\$aSplit Britches (Theatre company)$4ive
=710  2\$aHemispheric Institute of Performance and Politics.$4pro
=710  2\$aCentro Cultural Recoleta (Buenos Aires, Argentina)$4pro
=710  2\$aHemispheric Institute Digital Video Library.
=711  2\$aHemispheric Institute Encuentro$n(6th :$d2007 :$cBuenos Aires, Argentina).$tCorpolíticas / Body politics in the Americas : formations of race, class and gender.
=856  40$uhttp://hdl.handle.net/2333.1/nvx0k6qd

