=LDR  04379cgm a2200697 a 4500
=001  000549155
=003  NNU
=004  NYUb13540948
=005  20090409172854.0
=006  m\\\\\\\\z\\\\\\\\
=007  vd\cvaizu
=007  vf\ciahou
=007  cr\cna
=007  \\vd
=007  cr\|||||||||||
=008  071002e20070611ag\085\\\\\\\\\\\\vleng\d
=024  7\$aHI2007_158_01$2nyu-hidvl
=024  7\$aHI2007_159_01$2nyu-hidvl
=024  7\$aHI2007.158_01$2nyu-hidvl
=040  \\$aNNU$cNNU$eamim
=245  00$aSplit Britches$h[videorecording] :$bRetro perspective : It's a small house and we've lived in it always.
=246  30$aRetro perspective
=246  30$aIt's a small house and we've lived in it always
=260  \\$c2007 June 11.
=300  \\$3master.$a2 videocassettes of 2 (Digital Betacam) (85 min.) :$bsd., col. ;$c1/2 in.
=300  \\$3viewing copy.$a2 videodiscs of 2 (DVD) (85 min. : pt.1, 60 min. ; pt.2, 25 min.) :$bsd., col. ;$c4 3/4 in.
=530  \\$aAlso available online as streaming video.
=500  \\$aTitle supplied by Hemispheric Institute.
=500  \\$aPart of the Hemispheric Institute Digital Video Library.
=534  \\$pMedia source original:$e2 videocassettes of 2 (Mini DV) : sd., col. ; 1/4 in. SP.$mPanasonic DVM60.
=518  \\$aPerformed at Teatro Empire, Buenos Aires, Argentina, on June 11, 2007, as part of the Sixth Annual Hemispheric Institute Seminar entitled Corpolíticas en las Ámericas / Body Politics in the Americas : formations of race, class and gender.
=508  \\$aHemispheric Institute, producer ; Centro Cultural Recoleta, producer ; Split Briches, creator ; Gray Wetzler, videographer.
=511  1\$aLois Weaver, Peggy Shaw.
=520  \\$aVideo documentation of Retro Perspective / It's a Small House and We've Lived in It. Always, performed by Peggy Shaw and Lois Weaver of Split Britches as a part of the 6th Encuentro of the Hemispheric Institute of Performance and Politics, celebrated in June of 2007 in Buenos Aires, Argentina under the title CORPOLÍTICAS en las Américas: Formaciones de Raza, Clase y Género / Body Politics in the Americas: Formations of Race, Class and Gender. Split Britches (www.splitbritches.com) was founded in 1981 at the WOW Café in New York, United States. The group is part of Staging Human Rights, where they work in prisons in Rio de Janeiro and England. They are also associate artists on the Clod Ensembles performing medicine project. Retro Perspective is a short medley of old Split Britches hits that provides a humorous slant on Peggy Shaw's and Lois Weaver's last thirty years of work and play. In Small House, two explorers lay claim to the same territory. These people have known each other for a long time. They occupy a house that has been divided and subdivided by time and bad habits. They sit on a porch, watch the horizon, and wait for the weather to change. Their only hope is an audience. This video also includes a post-performance discussion with Peggy, Lois, and performance artist Anna Jacobs.
=540  \\$aThere are copyright restrictions on this collection. For more information, go to the online version of this video.
=650  \0$aUnmarried couples.
=653  \\$aCohabitation
=653  \\$aPerformance and politics
=653  \\$aBody politics
=655  \7$aPerformance.$2nyu-hidvl
=655  \7$aTheater.$2nyu-hidvl
=655  \7$aLesbian theater.$2nyu-hidvl
=655  \7$aFeminist theater.$2nyu-hidvl
=700  1\$aWeaver, Lois.$4cre$4prf
=700  1\$aShaw, Peggy.$4cre$4prf
=700  1\$aWetzler, Gray.$4vdg
=710  2\$aSplit Britches (Theatre company)$4cre
=710  2\$aHemispheric Institute of Performance and Politics.$4pro
=710  2\$aCentro Cultural Recoleta (Buenos Aires, Argentina)$4pro
=710  2\$aHemispheric Institute Digital Video Library.
=711  2\$aHemispheric Institute Encuentro$n(6th :$d2007 :$cBuenos Aires, Argentina).$tCorpolíticas / Body politics in the Americas : formations of race, class and gender.
=853  00$81$apt.
=863  50$81.1$a1$p31142045979872
=863  50$81.2$a2$p31142045979880
=856  40$uhttp://hdl.handle.net/2333.1/tdz08m24
=954  \\$81$aVolumes

