=LDR  03660ngm a2200541 a 4500
=001  003335547
=004  003335547
=005  20110615134956.0
=006  m\\\\\\\\z\\\\\\\\
=007  vd\cvaiz|
=007  cr\cna|||m|||a
=007  vd\cvaiz|
=007  cr\|||||||||||
=008  100603e20071207nyu011\\\\\\\\\\\\vleng\d
=024  7\$aHI2009_036_01$2nyu-hidvl
=040  \\$aNNU$beng$cNNU
=079  \\$a(OCoLC)639466641
=245  00$aInterview with Edward Wemytewa$h[videorecording].
=246  3\$aEdward Wemytewa
=260  \\$c2007 Dec. 7.
=300  \\$3viewing copy.$a1 videodisc of 1 (DVD) (11 min.) :$bsd., col. ;$c4 3/4 in.
=490  1\$aInterview series : Native Theater Festival at the Public Theater (2007-2008)
=500  \\$aTitle supplied by Hemispheric Institute.
=500  \\$aPart of the Hemispheric Institute Digital Video Library.
=518  \\$aFilmed at The Public Theater in New York, NY, on December 7, 2007.
=508  \\$aHemispheric Institute of Performance and Politics, producer.
=511  0\$aEdward Wemytewa, interviewee ; Terry Gomez, interviewer.
=520  \\$aIn December of 2007, as part of its Native Theater Festival, the Public Theater brought Native theater professionals from around the U.S. and Canada to New York City for a series of readings and discussions. The five-day festival included play readings, post-performance discussions, concerts, roundtables, and the performance of Darrell Dennis' 'Tales of and Urban Indian.' This video documents an interview with Edward Wemytewa, conducted by Terry Gomez as a part of a supplementary Native Theater Festival interview series.
=520  \\$aEdward Wemytewa is a former Zuni Tribal Councilman, and his connection to his Zuni cultural heritage is through art and language. He is the founding director of Idiwanan An Chawe, a storytelling theater. A playwright, performer, and visual artist, Edward's prize-winning paintings and sculptures have been exhibited in museums in Arizona and New Mexico. Terry Gomez is from the Comanche Nation of Oklahoma. She is a published and produced playwright, published writer, theater director, actor and painter. Her play 'Inter-tribal' was produced as a staged reading at The Public Theater in New York City and published in the anthology 'Plays by Women of Color.' Terry has been an adjunct professor of theater arts at the Institute of American Indian Arts in Santa Fe, New Mexico, and faculty for the I.A.I.A./ABC/Disney Summer Film Program. She is a recipient of the 2007-2008 American Indian College Fund/Andrew W. Mellon Fellowship. She is the mother of two and currently resides in Santa Fe.
=530  \\$aAlso available online as streaming video.
=534  \\$pMedia source original:$e1 videocassette of 1 (Mini DV) : sd., col. ; 1/4 in. SP.$mPanasonic DVM60.
=540  \\$aThere are copyright restrictions on this collection. For more information, go to the online version of this video.
=600  10$aWemytewa, Edward$vInterviews.
=650  \0$aIndians of North America.
=650  \0$aIndigenous peoples.
=650  \0$aTheater.
=650  \0$aPerforming arts.
=653  \\$aNative Americans.
=653  \\$aNative Theater Festival.
=655  \7$aInterview.$2nyu-hidvl
=700  1\$aWemytewa, Edward.$4ive
=700  1\$aGomez, Terry.$4ivr
=710  2\$aHemispheric Institute of Performance and Politics.$4pro
=710  2\$aHemispheric Institute Digital Video Library.
=830  \0$aInterview series : Native Theater Festival at the Public Theater (2007-2008)
=856  40$uhttp://hdl.handle.net/2333.1/41ns1s5g

