=LDR  03888ngm a2200505 a 4500
=001  003306108
=004  003306108
=005  20100221123501.0
=006  m\\\\\\\\z\\\\\\\\
=007  vd\cvaiz|
=007  cr\cna|||m|||a
=007  vd\cvaiz|
=007  cr\|||||||||||
=008  100221e20071109nyu008\\\\\\\\\\\\vleng\d
=024  7\$aHI2009_020_01$2nyu-hidvl
=024  7\$aHI2009.020_01$2nyu-hidvl
=040  \\$aNNU$beng$cNNU
=079  \\$a(OCoLC)607289432
=245  00$aInterview with W. B. Worthen$h[videorecording] :$bwhat is performance studies?
=246  3\$aW. B. Worthen
=260  \\$c2007 Nov. 9.
=300  \\$3viewing copy.$a1 videodisc of 1 (DVD) (8 min.) :$bsd., col. ;$c4 3/4 in.
=490  1\$aInterview series : What is performance studies?
=500  \\$aTitle supplied by Hemispheric Institute.
=500  \\$aPart of the Hemispheric Institute Digital Video Library.
=518  \\$aFilmed in New York, NY, on November 9, 2007.
=508  \\$aHemispheric Institute of Performance and Politics, producer.
=511  0\$aW. B. Worthen, interviewee ; Diana Taylor, interviewer.
=520  \\$aInterview with W. B. Worthen, conducted by Diana Taylor, founding director of the Hemispheric Institute of Performance and Politics. This interview is a part of a series curated by the Hemispheric Institute, articulated around the question 'What is Performance Studies?' The series aims to provide a multifaceted approach to the often difficult task of defining the coordinates of both a field of academic study as well as a lens through which to assess and document cultural practice and embodied behavior. The contingent definitions documented in this series are based on the groundbreaking experiences and the scholarly endeavors of renowned figures in contemporary performance studies and practice.
=520  \\$aW. B. Worthen is Professor and Chair of the Department of Theater, Dance, and Performance Studies, University of California, Berkeley. He is the author of Print and the Poetics of Modern Drama (Cambridge University Press, 2006), Shakespeare and the Force of Modern Performance (Cambridge University Press, 2003) Shakespeare and the Authority of Performance (Cambridge University Press, 1997), Modern Drama and the Rhetoric of Theater (University of California Press, 1992), The Idea of the Actor: Drama and the Ethics of Performance (Princeton University Press, 1984), Modern Drama: Plays, Criticism, Theory (Wadsworth, 1995), and of many articles on modern drama, Shakespeare, and theories of performance. He is also the author of several widely used textbooks on dramatic literature, most recently The Wadsworth Anthology of Drama. Professor Worthen received his B. A. in English from the University of Massachusetts at Amherst and his Ph.D. in English from Princeton University, and has held research fellowships form the Guggenheim Foundation and the National Endowment of the Humanities. He is past editor of Theatre Journal and current co-editor of Modern Drama.
=530  \\$aAlso available online as streaming video.
=534  \\$pMedia source original:$e1 videocassette of 1 (Mini DV) : sd., col. ; 1/4 in. SP.
=540  \\$aThere are copyright restrictions on this collection. For more information, go to the online version of this video.
=600  10$aWorthen, William B.,$d1955-$vInterviews.
=650  \0$aPerforming arts$xStudy and teaching.
=653  \\$aPerformance studies.
=655  \7$aInterview.$2nyu-hidvl
=700  1\$aWorthen, William B.,$d1955-$4ive
=700  1\$aTaylor, Diana,$d1950-$4ivr
=710  2\$aHemispheric Institute of Performance and Politics.$4pro
=710  2\$aHemispheric Institute Digital Video Library.
=830  \0$aInterview series : What is performance studies?
=856  40$uhttp://hdl.handle.net/2333.1/612jm6pv

