=LDR  04662ngm a2200541 a 4500
=001  003335551
=004  003335551
=005  20110615134947.0
=006  m\\\\\\\\z\\\\\\\\
=007  vd\cvaiz|
=007  cr\cna|||m|||a
=007  vd\cvaiz|
=007  cr\|||||||||||
=008  100603e20071207nyu011\\\\\\\\\\\\vleng\d
=024  7\$aHI2009_037_01$2nyu-hidvl
=040  \\$aNNU$beng$cNNU
=079  \\$a(OCoLC)639466645
=245  00$aInterview with William S. Yellow Robe, Jr.$h[videorecording].
=246  3\$aWilliam S. Yellow Robe, Jr.
=260  \\$c2007 Dec. 7.
=300  \\$3viewing copy.$a1 videodisc of 1 (DVD) (11 min.) :$bsd., col. ;$c4 3/4 in.
=490  1\$aInterview series : Native Theater Festival at the Public Theater (2007-2008)
=500  \\$aTitle supplied by Hemispheric Institute.
=500  \\$aPart of the Hemispheric Institute Digital Video Library.
=518  \\$aFilmed at The Public Theater in New York, NY, on December 7, 2007.
=508  \\$aHemispheric Institute of Performance and Politics, producer.
=511  0\$aWilliam S. Yellow Robe, Jr., interviewee ; Hanay Geiogamah, interviewer.
=520  \\$aIn December of 2007, as part of its Native Theater Festival, the Public Theater brought Native theater professionals from around the U.S. and Canada to New York City for a series of readings and discussions. The five-day festival included play readings, post-performance discussions, concerts, roundtables, and the performance of Darrell Dennis' 'Tales of and Urban Indian.' This video documents an interview with William S. Yellow Robe, Jr., conducted by Hanay Geiogamah as a part of a supplementary Native Theater Festival interview series.
=520  \\$aWilliam S. Yellow Robe, Jr. has been writing plays for over thirty years. He is a member of Assiniboine/Sioux tribes of the Fort Peck Indian reservation, located in Northeastern Montana. He is the first Assiniboine playwright to receive the 'First Book Award for Drama,' a Princess Grace Fellowship-Award (Theater fellowship), a Jerome Fellowship, a New England Theater Conference Award for Excellence. Yellow Robe's full-length play, 'Grandchildren of Buffalo Soldiers' finished its national tour produced by the Penumbra Theater Company and Trinity Repertory Company. Yellow Robe is a published playwright, poet, and short fiction writer. He is an actor and a director. He is a company member of the Ensemble Studio Theater, Penumbra Theater Company, and a member of the Board of Advisors for the Red Eagle Soaring Theater company and the Missoula Writer's Collaborative. A member of the Kiowa-Delaware Tribes from Oklahoma, Hanay Geiogamah is a professor of theater in the School of Theater, Film and Television at the University of California at Los Angeles (UCLA). Mr. Geiogamah is also the director of the UCLA American Indian Studies Center and for the past ten years has served as principal investigator for Project HOOP, the national initiative to promote development of Native American theater and performing arts. With an extensive background in the theater as a director, playwright and producer, he serves as the founding artistic director of the internationally-acclaimed American Indian Dance Theater. Mr. Geiogamah is the author and editor of a number of books and articles on Native American theater and performing arts and serves as series editor for the Native American Theater Series of the UCLA American Indian Studies Center Press. His first collection of plays, 'New Native American Drama,' is published by the University of Oklahoma Press and has been in print for 27 years.
=530  \\$aAlso available online as streaming video.
=534  \\$pMedia source original:$e1 videocassette of 1 (Mini DV) : sd., col. ; 1/4 in. SP.$mPanasonic DVM60.
=540  \\$aThere are copyright restrictions on this collection. For more information, go to the online version of this video.
=600  10$aYellow Robe, William S.,$d1960-$vInterviews.
=650  \0$aIndians of North America.
=650  \0$aIndigenous peoples.
=650  \0$aTheater.
=650  \0$aPerforming arts.
=653  \\$aNative Americans.
=653  \\$aNative Theater Festival.
=655  \7$aInterview.$2nyu-hidvl
=700  1\$aYellow Robe, William S.,$d1960-$4ive
=700  1\$aGeiogamah, Hanay,$d1945-$4ivr
=710  2\$aHemispheric Institute of Performance and Politics.$4pro
=710  2\$aHemispheric Institute Digital Video Library.
=830  \0$aInterview series : Native Theater Festival at the Public Theater (2007-2008)
=856  40$uhttp://hdl.handle.net/2333.1/08kprrn0

