=LDR  04012cgm a2200685 a 4500
=001  000541125
=003  NNU
=004  NYUb13532365
=005  20090409172902.0
=006  m\\\\\\\\z\\\\\\\\
=007  vd\cvaizu
=007  vf\ciahou
=007  cr\cna
=007  cr\|||||||||||
=008  070905e20070608ag\017\\\\\\\\\\\\vlspa\d
=024  7\$aHI2007_135_01$2nyu-hidvl
=024  7\$aHI2007.135_01$2nyu-hidvl
=035  \\$a(NYU)NYUb13532365
=040  \\$aNNU$cNNU$eamim
=041  0\$aspa
=245  00$aInterview with Federico Zukerfeld & Loreto Garín (Grupo Etcétera)$h[videorecording]
=246  3\$aInterview with Grupo Etcétera (Federico Zukerfeld & Loreto Garín)
=246  30$aFederico Zukerfeld & Loreto Garín
=246  30$aGrupo Etcétera
=260  \\$c2007 June 8.
=300  \\$3master.$a1 videocassette of 1 (Digital Betacam) (17 min.) :$bsd., col. ;$c1/2 in.
=300  \\$3viewing copy.$a1 videodisc of 1 (DVD) (17 min.) :$bsd., col. ;$c4 3/4 in.
=530  \\$aAlso available online as streaming video.
=546  \\$aIn Spanish.
=500  \\$aTitle supplied by Hemispheric Institute.
=500  \\$aPart of the Hemispheric Institute Digital Video Library.
=534  \\$pMedia source original:$e1 videocassette of 1 (Mini DV) : sd., col. ; 1/4 in. SP.$mPanasonic DVM60.
=518  \\$aInterviewed in Buenos Aires, Argentina, on June 8, 2007, as part of the Sixth Annual Hemispheric Institute Seminar entitled Corpolíticas en las Ámericas / Body Politics in the Americas : formations of race, class and gender.
=508  \\$aHemispheric Institute of Performance and Politics, producer ; Centro Cultural Recoleta, producer ; Gray Wetzler, videographer.
=511  0\$aFederico Zukerfeld, interviewee ; Loreto Garín, interviewee ; Marcela Fuentes, interviewer.
=520  \\$aInterview with Federico Zukerfeld and Loreto Garín of the Grupo Etcétera, conducted by Marcela Fuentes as a part of the 6th Encuentro of the Hemispheric Institute of Performance and Politics, celebrated in June of 2007 in Buenos Aires, Argentina under the title CORPOLÍTICAS en las Américas: Formaciones de Raza, Clase y Género / Body Politics in the Americas: Formations of Race, Class and Gender (http://hemi.nyu.edu/eng/seminar/2007/index.html). The Argentinean Grupo Etcétera has created the Internacional errorista. In their own words, Errorism was born from an error: In times of censorship, we see ourselves subjected to force our language, to take metaphors to their maximum limit, to say without naming. Not being able to use the words (T)errorism or (T)errorist due to their symbolic weight and the danger that this represents, we escape into wordplay. Thats how Errorism was born: in error.
=540  \\$aThere are copyright restrictions on this collection. For more information, go to the online version of this video.
=600  10$aZukerfeld, Federico$vInterviews.
=600  10$aGarín, Loreto$vInterviews.
=610  20$aGrupo Etcétera$vInterviews.
=650  \0$aCensorship.
=650  \0$aPerforming arts$xPolitical aspects.
=653  \\$aInternacional errorista
=653  \\$aBody politics
=653  \\$aPerformance and politics
=655  \7$aInterview.$2nyu-hidvl
=700  1\$aZukerfeld, Federico.$4ive
=700  1\$aGarín, Loreto.$4ive
=700  1\$aFuentes, Marcela.$4ivr
=700  1\$aWetzler, Gray.$4vdg
=710  2\$aGrupo Etcétera.$4ive
=710  2\$aHemispheric Institute of Performance and Politics.$4pro
=710  2\$aCentro Cultural Recoleta (Buenos Aires, Argentina)$4pro
=710  2\$aHemispheric Institute Digital Video Library.
=711  2\$aHemispheric Institute Encuentro$n(6th :$d2007 :$cBuenos Aires, Argentina).$tCorpolíticas / Body politics in the Americas : formations of race, class and gender.
=856  40$uhttp://hdl.handle.net/2333.1/wdbrv1hx

