=LDR  03442ngm a2200445   4500
=001  004191267
=005  20160613122442.0
=006  m\\\\\\\\c\\\\\\\\
=007  cr\cna|||m|||a
=007  cr\|||||||||||
=008  150929e20070712dcu074\\\\\\\\s\\\vleng\d
=024  7\$aHI2014_021_01$2nyu-hidvl
=024  7\$aHI2014_022_01$2nyu-hidvl
=040  \\$aNNU$beng$cNNU
=041  0\$aeng
=245  00$aIn spite of everything$h[videorecording] /$cSuicide Kings, writers ; Marc Bamuthi Joseph, director.
=260  \\$cJuly 12, 2007.
=300  \\$3viewing copy.$astreaming video (73 min., 10 sec.: pt.1: 62 min., 30 sec.; pt.2: 10 min., 40 sec.) :$bsd., col.
=490  1\$aHip Hop Theater Festival
=500  \\$aTitle supplied by the Hemispheric Institute.
=500  \\$aPart of the Hemispheric Institute Digital Video Library.
=511  1\$aSuicide Kings, performers.
=518  \\$aPerformed at The Studio Theater, Space A, 1501 14th St, NW, #3, Washington, DC, on July 12, 2007.
=520  \\$aA head-on confrontation of issues such as school shootings, child abuse, and more, The Suicide Kings’ In Spite of Everything is a seminal work in both spoken word performance and activist art. Featuring one of the fiercest Bay Area hip-hop collectives, under the direction of GOLDIE award-winning, Bay Area legend Marc Bamuthi Joseph, the story weaves through the days following the tragic event and the lives of both the perpetrators and victims to reveal the underlying issues, both institutional and personal, that lead to bullying and youth violence in schools. Opening with a group of writing workshop leaders at the head of a classroom, the fun is quickly stilled as the scene shifts to a police interrogation of one of the instructors about the biggest school shooting since Columbine. What happens next is as riveting as it is heartbreaking. The artists take the audience on a critical journey through fear-inducing journalism, violent video games, and more to reveal that violence and shootings in school cannot only be blamed on the perpetrator.
=520  \\$aHip-Hop Theater Festival is dedicated to presenting and showcasing theater written by and about the Hip-Hop generation. Since 2004, its creators have worked with emerging and established artists to develop work that broadens conversations around Hip-Hop on a global scale. Dedicated to inciting dialogue and social change, HHTF recognizes the power of Hip-Hop and the power of theater as a medium. For a culture whose impact can be seen and felt around the globe, Hip-Hop Theater Festival works to shine light on the diversity and innovation within the world of Hip-Hop.
=534  \\$pMedia source original:$e2 videocassettes (Mini DV) : sd., col. ; 1/4 in. SP.$mSony Premium DVM60-ME
=540  \\$aThere are copyright restrictions on this collection. For more information, go to the online version of this video.
=546  \\$aIn English.
=650  \0$aPerformance poetry.
=650  \0$aChildren and violence.
=650  \0$aSchool shootings.
=650  \0$aChildren$xEffects$xMass media.
=650  \0$aPerformance art$xPolitical aspects.
=655  \7$aTheater.$2nyu-hidvl
=655  \7$aPerformance art.$2nyu-hidvl
=655  \7$aHip-Hop theater.$2nyu-hidvl
=710  2\$aHemispheric Institute Digital Video Library.
=830  \0$aHip-Hop Theater Festival (Hi-ARTS)
=856  40$uhttp://hdl.handle.net/2333.1/stqjq4rk

