=LDR  04277cgm a2200505 a 4500
=001  003797504
=005  20140421220654.0
=006  m\\\\\\\\z\\\\\\\\
=007  vd\cvaizu
=007  cr\cna|||m|||a
=007  cr\|||||||||||
=008  130815e200810uumdu029\\\\\\\\\\\\vleng\d
=024  7\$aHI2012_012_01$2nyu-hidvl
=024  7\$aHI2012_012_02$2nyu-hidvl
=040  \\$aNNU$beng$cNNU
=041  0\$aeng
=245  04$aThe fury of the Gods$h[videorecording] /$cSusana Cook, creator.
=260  \\$c2008 Oct.
=300  \\$3viewing copy.$a1 videodisc of 1 (DVD) (episode 1 (1st show): 15 min., 24 sec. ; episode 2 (2nd show): 12 min., 51 sec.) :$bsd., col. ;$c4 3/4 in.
=490  1\$aSusana Cook collection
=546  \\$aIn English.
=500  \\$aTitle supplied by Hemispheric Institute.
=500  \\$aPart of the Hemispheric Institute Digital Video Library.
=518  \\$aPerformed at the The Charm City Kitty Club in Baltimore, Maryland, in October 2008.
=511  1\$aSusana Cook, performer.
=520  \\$a‘The Fury of the Gods’ is an exercise in Pop Blasphemy, and an ecclesiastical experiment in Heathenism. It is a sharp biting satire that skewers the sacred and eviscerated evangelical fundamentalism suggesting that it may be the principal obstacle that stands in the way to intercultural understanding, creating a rhetoric of the state in order to justify segregation and oppression. Written and performed by Susana Cook, ‘The Fury of the Gods’ is a series of ecclesiastical interventions that mocks capitalist individualism with a humoristic self-criticism, playing with the idea that evangelical fundamentalism might have mistaken where ‘heaven’ can be found. Susana Cook uses religious oratory to highlight conservative interpretations of homosexuality and exaggerate them, taking them to their logical extremes. As conservative narrative appropriates religion to fulfill an agenda, Cook's work appropriates religious and political language as a means to unveil the ways that fundamentalist belief have come to influence public policy and unmask the real substance and immorality of these national messages.
=520  \\$aSusana Cook is a New York based Argentine playwright, performer, and director. She has presented her work as an independent artist for over 20 years. Her work has been presented in numerous performance spaces in New York City, including Dixon Place, PS. 122, W.O.W Cafe Theater, Ubu Rep, Theater for the New City, The Puffin Room and The Kitchen. She has also performed internationally in Spain, France, India, Argentina, Colombia, Ecuador, Canada and at several colleges and universities around the country. Some of her latest shows are include ‘Homeland Insecurities, ‘The Idiot King,’ ‘The Values Horror Show,’ ‘100 Years of Attitude,’ ‘Dykenstein,’ ‘Hamletango,’ ‘Prince of Butches,’ ‘Gross National Product,’ ‘Hot Tamale,’ ‘Conga Guerrilla Forest,’ ‘The Fraud,’ ‘Butch Fashion Show in the Femme Auto Body Shop,’ ‘Rats and Tango Lesbiango,’ and most recently, ‘The Homophobes.’ She is the recipient of several fellowships and awards from the New York Foundation for the Arts, Arts International, Astraea Lesbian Foundation for Justice, The Franklin Furnace Archives, The Puffin Foundation and INTAR.
=530  \\$aAlso available online as streaming video.
=534  \\$pMedia source original:$e1 videocassette of 1 (Mini DV) : sd., col. ; 1/4 in. SP.$mMaxell DVM60SE
=540  \\$aThere are copyright restrictions on this collection. For more information, go to the online version of this video.
=650  \0$aEvangelicalism.
=650  \0$aGender identity$xPolitical aspects.
=650  \0$aGender identity$xReligious aspects.
=650  \0$aIdentity politics.
=650  \0$aPerforming arts$xPolitical aspects.
=650  \0$aPerforming arts$xReligious aspects
=653  \\$aPower politics.
=655  \7$aPerformance.$2nyu-hidvl
=655  \7$aSpoken word.$2nyu-hidvl
=655  \7$aReligious parody/satire.$2nyu-hidvl
=700  1\$aCook, Susana.$4cre$4prf
=710  2\$aHemispheric Institute Digital Video Library.
=830  \0$aSusana Cook collection.
=856  40$uhttp://hdl.handle.net/2333.1/0rxwddfk

