=LDR  03640ngm a2200445   4500
=001  004191868
=005  20151001162902.0
=006  m\\\\\\\\c\\\\\\\\
=007  cr\cna|||m|||a
=007  cr\|||||||||||
=008  151001s2008\\\\wyu007\\\\\\\\s\\\vleng\d
=024  7\$aHI2014_105_01$2nyu-hidvl
=040  \\$aNNU$beng$cNNU
=041  0\$aeng
=245  00$aThe orange cowboy$h[videorecording] /$cNicolás Dumit Estévez, writer ; Meredith Holch, writer, video editor.
=260  \\$c2008.
=300  \\$3viewing copy.$astreaming video (6 min., 4 sec.) :$bsd., col.
=490  1\$aNicolás Dumit Estévez collection
=500  \\$aTitle supplied by the Hemispheric Institute.
=500  \\$aPart of the Hemispheric Institute Digital Video Library.
=508  \\$aMeredith Holch, videographer ; Judith Hoyt, production assistant ; The 1000 Acre Chorus (John Van Kirk, Ivette Vallejo, Mitchell Messina, Judith Hoyt), music .
=511  1\$aNicolás Dumit Estévez, The 1000 Acre Chorus, performers.
=518  \\$aPerformed at the Jentel Artist Residency Program in Banner, Wyoming, in 2008.
=520  \\$aArtist Nicolás Dumit Estévez’s stay in Banner, Wyoming in the spring of 2008 yielded the plot for a five-minute video, shot on location in a town of forty inhabitants and a thousand private acres. Employing common images of the West such as cowboys and Indians, the goldrush, saloons, and outlaws, the American West is even presently viewed as a wide expanse ready for the taking. In this playful look at the US mythology of the wild, wild West, the outsider protagonist attempts to get in touch with his inner cowboy. However, the landscape reveals itself as a place out of reach and the 21st century cowboy must come face-to-face with a countryside owned by multi-national energy corporations as the ultimate product of US capitalist ideals of private property: ‘Welcome to Wyoming, Inc.’
=520  \\$aNicolás Dumit Estévez is an interdisciplinary artist working mainly in performance art and art-and-life experiences. He has exhibited and performed extensively in the US as well as internationally at venues such as madrid Abierto/ARCO, The IX Havana Biennial, PERFORMA 05 and 07, IDENSITAT, Prague Quadrennial, The Pontevedra Biennial, The Queens Museum of Art, MoMA, The MacDowell Colony, El Museo del Barrio, The Center for Book Arts, Longwood Arts Gallery/BCA, The Smithsonian National Museum of the American Indian, Franklin Furnace, and Lower Manhattan Cultural Council, among others. Residencies attended include P.S. 1/MoMA, Yaddo and the MacDowell Colony. He teaches at the Transart Institute in Berlin, Germany. Estévez is currently pursuing a Master in Theology and the Artsat Union Theological Seminary in New York. Born in Santiago de los Treinta Caballeros, Dominican Republic, he lives and works in the South Bronx.
=534  \\$pMedia source original:$e1 videocassette (Mini DV) : sd., col. ; 1/4 in. SP.$mPanasonic AY-DVM63PQ
=540  \\$aThere are copyright restrictions on this collection. For more information, go to the online version of this video.
=546  \\$aIn English.
=650  \0$aCowboys$zWest (U.S.)
=650  \0$aCapitalism.
=651  \0$aWest (U.S.)
=655  \7$aVideo art.$2nyu-hidvl
=655  \7$aVideo performance$2nyu-hidvl
=655  \7$aPerformance art$2nyu-hidvl
=700  1\$aDumit Estévez, Nicolás.$4aut$4prf
=700  1\$aHolch, Meredith.$4aut$4flm$4vdg
=710  2\$aHemispheric Institute Digital Video Library.
=830  \0$aNicolás Dumit Estévez collection.
=856  40$uhttp://hdl.handle.net/2333.1/zs7h46z1

