=LDR  04974cgm a2200649 a 4500
=001  003742125
=004  003742125
=005  20140421205118.0
=006  m\\\\\\\\z\\\\\\\\
=007  vd\cvaizu
=007  cr\cna|||m|||a
=007  cr\|||||||||||
=007  vd\cvaizu
=008  130418e200811uucau008\\\\\\\\\\\\vlspa\d
=024  7\$aHI2011_001_01$2nyu-hidvl
=024  7\$aHI2011.001_01$2nyu-hidvl
=040  \\$aNNU$beng$cNNU
=041  0\$aspa
=043  \\$an-us---
=079  \\$a(OCoLC)845246152
=245  00$aEsclavitud moderna$h[videorecording] =$bModern slavery /$cJose Mangandi, producer, director.
=246  31$aModern slavery
=260  \\$c2008 Nov.
=300  \\$3viewing copy.$a1 videodisc of 1 (DVD) (7 min., 20 sec.) :$bsd., col. ;$c4 3/4 in.
=490  1\$aTeatro Jornalero collection
=546  \\$aIn Spanish.
=500  \\$aTitle supplied by Hemispheric Institute.
=500  \\$aPart of the Hemispheric Institute Digital Video Library.
=518  \\$aPerformed at the Cornerstone Theater Company in Los Angeles, Calif., USA, in November 2008.
=508  \\$aXicothencalt Paredes, Lorena Moran, writers.
=511  1\$aLorena Moran, Xicothencalt Paredes, Juan Romero, performers.
=520  \\$aIn 'Esclavitud Moderna' (Modern Slavery), a Hispanic man and a woman, husband and wife, are rushing to get to their job, which is ran by an older white man. The wife is hired to clean offices and household, whereas the husband is hired to clean yards as a gardener. The boss assigns the husband to go out and clean the yard so that he can stay at the office with the wife to stare at her body as she cleans the office, especially the floor. She is exposed to toxic chemicals from cleaning products, not to mention the sexual harassment. Both laborers also have unfair work conditions and late or nonexistent payment. However, when they complain, the boss decides to call La Migra, or immigration, and turn in the husband and wife, given that they are not either legal residents or citizens in this country. When the couple decides to leave without their payment, the boss, as if it is another regular business day, puts a sign up in front of the office that says, 'There is work. No papers and no English necessary. Good pay.' This gesture demonstrates the dehumanization and interchangeability that characterizes immigrant lives in the midst of exploitation situations and laws.
=520  \\$aTeatro Jornalero Sin Fronteras /Day Laborers Theater Without Borders (TJSF) is a Los Angeles-based ensemble theater company comprised of day laborers. Founded in 2008 by Cornerstone Theater Company in conjunction with the National Day Labor Organizing Network, their mission is to improve the lives of day laborers by creating plays by and for the day labor community. Responding to an often degrading and hostile work environment and an increasingly anti-immigrant climate nationally, the troupe uses theater, music, and dialogue to educate and inform immigrant workers about their legal rights; to empower the community by reflecting their stories in their own voices; to humanize the immigration debate for the broader community; and to build a troupe of theater artists that make insightful, entertaining and smart theater for their audiences. Each year TJSF performs in over 50 locations for more than 3,000 day laborers, public school and college students, and diverse organizations, institutions, and agencies. They have received coverage in local, national and international media outlets, including La Opinion, LA Times, BBC World, Christian Science Monitor, and National Public Radio.
=530  \\$aAlso available online as streaming video.
=534  \\$pMedia source original:$e1 videocassette of 1 (Mini DV) : sd., col. ; 1/4 in. SP.$mSony Premium DVM60-ME.
=540  \\$aThere are copyright restrictions on this collection. For more information, go to the online version of this video.
=650  \0$aForeign workers$zUnited States$xSocial conditions.
=650  \0$aDay laborers$zUnited States$xSocial conditions.
=650  \0$aImmigrants$zUnited States$xSocial conditions.
=650  \0$aLatin Americans$zUnited States$xSocial conditions.
=650  \0$aSexual harassment of women.
=650  \0$aNational security$zUnited States.
=650  \0$aBorder security$zUnited States.
=651  \0$aUnited States$xForeign relations.
=651  \0$aUnited States$xEmigration and immigration.
=655  \7$aPerformance.$2nyu-hidvl
=655  \7$aTheater.$2nyu-hidvl
=655  \7$aCommunity theater.$2nyu-hidvl
=700  1\$aMangandi, Jose.$4pro$4drt
=700  1\$aParedes, Xicothencalt.$4cre$4prf
=700  1\$aMoran, Lorena.$4cre$4prf
=710  2\$aTeatro Jornalero Sin Fronteras.$4prf
=710  2\$aHemispheric Institute Digital Video Library.
=830  \0$aTeatro Jornalero collection.
=856  40$uhttp://hdl.handle.net/2333.1/j3tx97m9

