=LDR  04515ngm a2200541 a 4500
=001  003335721
=004  003335721
=005  20110615135156.0
=006  m\\\\\\\\z\\\\\\\\
=007  vd\cvaiz|
=007  cr\cna|||m|||a
=007  vd\cvaiz|
=007  cr\|||||||||||
=008  100603e20081113nyu024\\\\\\\\\\\\vleng\d
=024  7\$aHI2009_043_01$2nyu-hidvl
=040  \\$aNNU$beng$cNNU
=079  \\$a(OCoLC)639466755
=245  00$aInterview with Martha Redbone$h[videorecording].
=246  3\$aMartha Redbone
=260  \\$c2008 Nov. 13.
=300  \\$3viewing copy.$a1 videodisc of 1 (DVD) (24 min.) :$bsd., col. ;$c4 3/4 in.
=490  1\$aInterview series : Native Theater Festival at the Public Theater (2007-2008)
=500  \\$aTitle supplied by Hemispheric Institute.
=500  \\$aPart of the Hemispheric Institute Digital Video Library.
=518  \\$aFilmed at The Hemispheric Institute in New York, NY, on November 13, 2008.
=508  \\$aHemispheric Institute of Performance and Politics, producer.
=511  0\$aMartha Redbone, interviewee ; Tom Pearson, interviewer.
=520  \\$aIn November 2008, The Public Theater in New York City was proud to present a festival of extraordinary theater from today's Native artists. In its second year, the festival featured: three free readings of new works by Native playwrights Victoria Nalani Kneubuhl, Laura Shamas, and Eric Gansworth followed by post-show discussions; a discussion with Artistic Director Oskar Eustis and a panel of Native artists on Politics and Performance that was open to the general public; a series of seven Field Discussions designed to convene artists and create an open forum to address and discuss issues facing Native Theater today; and a concert in Joe's Pub by Native and African-American singer Martha Redbone. This video, Interview with Martha Redbone, supplements the 2008 festival records, as a part of an interview series conducted by Tom Pearson.
=520  \\$aMartha Redbone (Choctaw/Shawnee/Cherokee/Blackfeet) is a leading voice in both soul and contemporary Native music. She has been recognized with awards for both of her albums, 'Skintalk' and 'Home of the Brave,' including the 2006 Independent Music Awards Best R&B album; Best Debut Artist at the 2002 Native American Music Awards; and two consecutive Indian Summer Music Awards for Best R&B Album of 2004 and 2005. Also in 2005, Martha received the National HIV/Aids Partnership Red Ribbon Award at the UN for her community work. Currently the Brooklyn native and daughter of a Choctaw/Shawnee/Cherokee/Blackfeet mother and African-American father is working on her third album. Tom Pearson (Creek/Eastern Band Cherokee) is a writer and artist working in a variety of media that includes contemporary dance, site-specific performance, film, visual art, and large-scale installations. Pearson received his MA in Performance Studies from New York University/Tisch School of the Arts and is currently the Co-Artistic Director of Third Rail Projects, a collective of artists based in New York City. He is the recipient of a 2008 New York Dance and Performance (Bessie) Award for choreography and a Kingsbury Award for writing. Pearson's articles on Native dance and performance have been published in Time Out New York Kids, Dance Magazine, Dance Spirit, and several online publications. In addition to his work in the contemporary arts, Tom also participates in traditional American Indian events as a dancer and singer.
=530  \\$aAlso available online as streaming video.
=534  \\$pMedia source original:$e1 videocassette of 1 (Mini DV) : sd., col. ; 1/4 in. SP.$mPanasonic DVM60.
=540  \\$aThere are copyright restrictions on this collection. For more information, go to the online version of this video.
=600  10$aRedbone, Martha$vInterviews.
=650  \0$aIndians of North America.
=650  \0$aIndigenous peoples.
=650  \0$aTheater.
=650  \0$aPerforming arts.
=653  \\$aNative Americans.
=653  \\$aNative Theater Festival.
=655  \7$aInterview.$2nyu-hidvl
=700  1\$aRedbone, Martha.$4ive
=700  1\$aPearson, Tom,$d1974-$4ivr
=710  2\$aHemispheric Institute of Performance and Politics.$4pro
=710  2\$aHemispheric Institute Digital Video Library.
=830  \0$aInterview series : Native Theater Festival at the Public Theater (2007-2008)
=856  40$uhttp://hdl.handle.net/2333.1/6t1g1kfq

