=LDR  04656ngm a2200541 a 4500
=001  003335719
=004  003335719
=005  20110615135152.0
=006  m\\\\\\\\z\\\\\\\\
=007  vd\cvaiz|
=007  cr\cna|||m|||a
=007  vd\cvaiz|
=007  cr\|||||||||||
=008  100603e20081113nyu012\\\\\\\\\\\\vleng\d
=024  7\$aHI2009_042_01$2nyu-hidvl
=040  \\$aNNU$beng$cNNU
=079  \\$a(OCoLC)639466753
=245  00$aInterview with Laura Shamas$h[videorecording].
=246  3\$aLaura Shamas
=260  \\$c2008 Nov. 13.
=300  \\$3viewing copy.$a1 videodisc of 1 (DVD) (12 min.) :$bsd., col. ;$c4 3/4 in.
=490  1\$aInterview series : Native Theater Festival at the Public Theater (2007-2008)
=500  \\$aTitle supplied by Hemispheric Institute.
=500  \\$aPart of the Hemispheric Institute Digital Video Library.
=518  \\$aFilmed at The Hemispheric Institute in New York, NY, on November 13, 2008.
=508  \\$aHemispheric Institute of Performance and Politics, producer.
=511  0\$aLaura Shamas, interviewee ; Tom Pearson, interviewer.
=520  \\$aIn November 2008, The Public Theater in New York City was proud to present a festival of extraordinary theater from today's Native artists. In its second year, the festival featured: three free readings of new works by Native playwrights Victoria Nalani Kneubuhl, Laura Shamas, and Eric Gansworth followed by post-show discussions; a discussion with Artistic Director Oskar Eustis and a panel of Native artists on Politics and Performance that was open to the general public; a series of seven Field Discussions designed to convene artists and create an open forum to address and discuss issues facing Native Theater today; and a concert in Joe's Pub by Native and African-American singer Martha Redbone. This video, Interview with Laura Shamas, supplements the 2008 festival records, as a part of an interview series conducted by Tom Pearson.
=520  \\$aLaura Shamas' (Chickasaw) work has been read/developed/presented at many theaters, including Native Voices at the Autry, Native Earth Performing Arts, 'Playwrights Week at the Lark,' Soho Theatre, Williamstown Theatre Festival, The Old Globe, The Geva Theater, and The Utah Shakespearean Festival. Shamas has several published plays, including 'Re-Sourcing,' 'Moliere In Love,' 'Pistachio Stories,' 'Up To Date,' 'Lady-Like,' 'Picnic at Hanging Rock,' 'Portrait of a Nude,' and 'The Other Shakespeare.' She has been honored with a number of playwriting awards, including the 2008 Garrard Best Play Award from the Five Civilized Tribes Museum, a Fringe First Award for Outstanding New Drama (Edinburgh), a Drama-Logue Award, and a 2006-2007 Aurand Harris Fellowship from the Children's Theater Foundation of America. Tom Pearson (Creek/Eastern Band Cherokee) is a writer and artist working in a variety of media that includes contemporary dance, site-specific performance, film, visual art, and large-scale installations. Pearson received his MA in Performance Studies from New York University/Tisch School of the Arts and is currently the Co-Artistic Director of Third Rail Projects, a collective of artists based in New York City. He is the recipient of a 2008 New York Dance and Performance (Bessie) Award for choreography and a Kingsbury Award for writing. Pearson's articles on Native dance and performance have been published in Time Out New York Kids, Dance Magazine, Dance Spirit, and several online publications. In addition to his work in the contemporary arts, Tom also participates in traditional American Indian events as a dancer and singer.
=530  \\$aAlso available online as streaming video.
=534  \\$pMedia source original:$e1 videocassette of 1 (Mini DV) : sd., col. ; 1/4 in. SP.$mPanasonic DVM60.
=540  \\$aThere are copyright restrictions on this collection. For more information, go to the online version of this video.
=600  10$aShamas, Laura Annawyn$vInterviews.
=650  \0$aIndians of North America.
=650  \0$aIndigenous peoples.
=650  \0$aTheater.
=650  \0$aPerforming arts.
=653  \\$aNative Americans.
=653  \\$aNative Theater Festival.
=655  \7$aInterview.$2nyu-hidvl
=700  1\$aShamas, Laura Annawyn.$4ive
=700  1\$aPearson, Tom,$d1974-$4ivr
=710  2\$aHemispheric Institute of Performance and Politics.$4pro
=710  2\$aHemispheric Institute Digital Video Library.
=830  \0$aInterview series : Native Theater Festival at the Public Theater (2007-2008)
=856  40$uhttp://hdl.handle.net/2333.1/bk3j9kzv

