=LDR  06013cgm a2200541 a 4500
=001  003802328
=005  20140421221612.0
=006  m\\\\\\\\c\\\\\\\\
=007  cr\cna|||m|||a
=007  cr\|||||||||||
=008  130822s2008\\\\bl\090\\\\\\\\s\\\vlpor\d
=024  7\$aHI2012_030_01$2nyu-hidvl
=040  \\$aNNU$beng$cNNU
=041  0\$apor
=043  \\$as-bl---
=245  02$aO amargo santo da purificação$h[videorecording] :$buma visão alegórica e barroca da vida, paixão e morte do revolucionário Carlos Marighella = The bitter saint of purification : an allegorical and baroque vision of the life, passion, and death of the revolutionary Carlos Marighella /$cCollective Creation by Tribo de Atuadores Ói Nóis Aqui Traveiz, based on poems by Carlos Marighella (collective creation).
=246  31$aBitter saint of purification :$ban allegorical and baroque vision of the life, passion, and death of the revolutionary Carlos Marighella
=260  \\$c2008.
=300  \\$3viewing copy.$astreaming video (89 min., 42 sec.) :$bsd., col.
=490  1\$aTribo de Atuadores Oi Nóis Aqui Traveiz collection
=546  \\$aIn Portuguese.
=500  \\$aTitle supplied by Hemispheric Institute.
=500  \\$aPart of the Hemispheric Institute Digital Video Library.
=518  \\$aPerformed in Porto Alegre, Brazil, in 2008.
=508  \\$aJohann Alex de Souza, music ; Nilson Asp and Giovana Carvalho, voice-over ; Heloísa Consul, Alessandro Müller, Carlos Ergo (Ergocentro), and Margarida Rache, costumes and props ; Maria das Dores Pedroso, crochet ; Ed Lannes (Grupo Zimba), Nelsinho (Grupo Zimba), Zé do Trumpete, Taila dos Santos Souza (Odomodê), actors preparation.
=511  1\$aPaulo Flores, Tânia Farias, Pedro di Camilles, Clélio Cardoso, Judit Herrera, Marta Haas, Edgar Alves, Edgar Alves, Roberto Corbo, Sandra Steil, Paula Carvalho, Luana Fernandes, Eugênio Barboza, Roberta Fernades, Lucio Hallal, Paula Lages, Déia Alencar, Danielle Rosa, Alex Pantera, Karina Sieben, Jorge Gil, Luciana Tondo, Carlo Bregolini, Renan Leandro, Alessandro Müller, Jeferson Cabral, performers ; Anelise Vargas, Charles Brito, Aline Ferraz, Caroline Vetori, Leticia Vituoso, Raquel Zepka, Eduardo Cardoso, Geison Burgedurf, Pascal Berten, Paola Mallmann, Luana da Rocha, Leila Carvalho, Daiane Marçal, Daniel Steil, Denise de Souza, Cléber Vinícius, André de Jesus, Mayura Matos, Mica Afonso, substituting cast.
=520  \\$a'O amargo santo da purificação - Uma visão alegórica e barroca da vida, paixão e morte do revolucionário Carlos Marighella,' a collective creation for Street Theater, tells the story of a popular hero whom the dominant sectors tried to banish from the national landscape for decades. Scene after scene, the audience witnesses important moments of this trajectory: his origins in Bahia, his youth, his poetry, the dictatorship of the Estado Novo, the resistance, his imprisonment, the democracy, the constitutional assembly, his life in the underground, the Military Dictatorship, the armed resistance, his death in an ambush, and the recovery of this history, striving for a human portrait of Twentieth Century Brazil. It’s a story of courage and boldness, perseverance and tenaciousness in ones convictions, and the coherence of socialist ideals throughout a generous and combative life, end to end. Marighella never abdicated his right to dream of a world free of oppression. He lived, fought, and died for this dream.
=520  \\$aBased in Porto Alegre, The Tribo de Atuadores Ói Nóis Aqui Traveiz was born in 1978 out of a desire for a radical renovation of the language of theatre. During the several years of their existence, they have created a personal aesthetics founded upon the authorial work of the actor, both on the stage and on the streets. Their venue, the Terreira da Tribo de Atuadores Ói Nóis Aqui Traveiz, works as a community theatre school, offering several free workshops open to the public. Their tribal organization is based on the principle of collective work, both in the creative process and in the maintenance of the space. For Ói Nóis Aqui Traveiz, theater is an instrument for both revealing and analyzing reality, and it's function is social — to contribute to the collective knowledge and to the improvement of the quality of life of the people. In a world marked by exclusion, marginalization, homogenization, by dehumanizing and barbaric efforts, they see it as their moral imperative to denounce injustice, sold opinions, authoritarianism, mediocrity and the erasing of memory. Ói Nóis sees theatre as an art of resistance, in the service of arts and politics, an art that does not fit the market patterns for ethics and aesthetics. Instead, they see theater as a way of life and as a vehicle for ideas: a theater that does not comment on life, but that takes part in it.
=534  \\$pMedia source original:$e1 digital video file.
=540  \\$aThere are copyright restrictions on this collection. For more information, go to the online version of this video.
=600  10$aMarighella, Carlos.
=600  10$aMarighella, Carlos$xPoetry.
=650  \0$aRevolutionaries$zBrazil.
=650  \0$aPolitical persecution$zBrazil$xHistory$y20th century.
=650  \0$aDictatorship$zBrazil.
=650  \0$aSocial movements$zBrazil$xHistory$y20th century.
=651  \0$aBrazil$xSocial conditions$y20th century.
=651  \0$aBrazil$xPolitics and government$y20th century.
=650  \0$aTheater$xPolitical aspects$zBrazil.
=650  \0$aStreet theater$zBrazil.
=655  \7$aPerformance.$2nyu-hidvl
=655  \7$aTheater.$2nyu-hidvl
=655  \7$aCollective creation.$2nyu-hidvl
=710  2\$aOi Nóis Aqui Traveiz (Theater group : Porto Alegre, Rio Grande do Sul, Brazil)$4cre
=710  2\$aHemispheric Institute Digital Video Library.
=830  \0$aTribo de Atuadores Oi Nóis Aqui Traveiz collection.
=856  40$uhttp://hdl.handle.net/2333.1/cnp5hs11

