=LDR  03283ngm a2200565 a 4500
=001  003475022
=004  003475022
=005  20110721160242.0
=006  m\\\\\\\\c\\\\\\\\
=007  vd\cvaiz|
=007  cr\cna|||m|||a
=007  vd\cvaiz|
=007  cr\|||||||||||
=008  110721e20090827nyu019\\\\\\\\\\\\vlspa\d
=024  7\$aHI2010_010_01$2nyu-hidvl
=040  \\$aNNU$beng$cNNU
=043  \\$as-ck---
=079  \\$a(OCoLC)742963806
=245  00$aInterview with Liliana Angulo$h[videorecording].
=246  3\$aLiliana Angulo
=260  \\$c2009 Aug. 27.
=300  \\$3viewing copy.$a1 videodisc of 1 (DVD) (18 min., 9 sec.) :$bsd., col. ;$c4 3/4 in.
=490  1\$aHemispheric Institute featured interviews
=546  \\$aIn Spanish.
=500  \\$aTitle supplied by Hemispheric Institute.
=500  \\$aPart of the Hemispheric Institute Digital Video Library.
=518  \\$aRecorded at the Universidad Nacional, Bogotá, Colombia, on August 27, 2009, as part of the 7th Encuentro of the Hemispheric Institute of Performance and Politics.
=508  \\$aHemispheric Institute of Performance and Politics, producer ; Frances Pollitt, videographer.
=511  0\$aLiliana Angulo, interviewee ; Mila Aponte-González, interviewer.
=520  \\$aInterview with Liliana Angulo, conducted by Mila Aponte-González, during the 7th Encuentro of the Hemispheric Institute of Performance and Politics, held in August of 2009 in Bogotá, Colombia under the title 'Staging Citizenship: Cultural Rights in the Americas.' In this interview, Liliana Angulo talks about her take on how her particular performance-related work makes a political intervention in the public sphere. This interview complements her video installation 'Négritude,' showcased in this 10-day event, which brought together activism, scholarship, and art around the themes of legacies, memories, struggles, and frontiers of citizenship. Liliana Angulo is a visual artist with a degree in Sculpture from the Universidad Nacional de Colombia. Using different media, her work explores themes of racial identity and Afro-Colombian culture.
=530  \\$aAlso available online as streaming video.
=534  \\$pMedia source original:$e1 videocassette of 1 (Mini DV) : sd., col. ; 1/4 in. SP.$mPanasonic DVM60.
=540  \\$aThere are copyright restrictions on this collection. For more information, go to the online version of this video.
=600  10$aAngulo, Liliana$vInterviews.
=650  \0$aBlacks$zColombia.
=650  \0$aRace discrimination$zColombia.
=650  \0$aIdentity politics.
=651  \0$aColombia$xRace relations.
=651  \0$aColombia$xEthnic relations.
=655  \7$aInterview.$2nyu-hidvl
=700  1\$aAngulo, Liliana.$4ive
=700  1\$aAponte-González, Mila.$4ivr
=700  1\$aPollitt, Frances.$4vdg
=710  2\$aHemispheric Institute of Performance and Politics.$4pro
=710  2\$aHemispheric Institute Digital Video Library.
=711  2\$aHemispheric Institute Encuentro$n(7th :$d2009 :$cBogotá, Colombia).$tStaging citizenship : cultural rights in the Americas.
=830  \0$aHemispheric Institute featured interviews.
=856  40$uhttp://hdl.handle.net/2333.1/zpc8685g

