=LDR  04365ngm a2200589 a 4500
=001  003752675
=005  20140421212336.0
=006  m\\\\\\\\c\\\\\\\\
=007  cr\cna|||m|||a
=007  cr\|||||||||||
=008  130527e20090822nyu011\\\\\\\\\\\\vlspa\d
=024  7\$aHI2010_040_01$2nyu-hidvl
=040  \\$aNNU$beng$cNNU
=041  0\$aspa
=043  \\$acl-----$as-ck---
=245  00$aComadre Araña concert (edited version)$h[videorecording] =$bConcierto Comadre Araña (versión editada) /$cComadre Araña, creator.
=246  31$aConcierto Comadre Araña (versión editada)
=260  \\$c2009 Aug. 22.
=300  \\$3viewing copy.$a1 streaming video (10 min., 57 sec.) :$bsd., col.
=490  1\$aHemispheric Institute archive
=546  \\$aIn Spanish.
=500  \\$aTitle supplied by Hemispheric Institute.
=500  \\$aPart of the Hemispheric Institute Digital Video Library.
=518  \\$aRecorded at the Auditorio León de Greiff, Bogotá, Colombia, on August 22, 2009, as part of the 7th Encuentro of the Hemispheric Institute of Performance and Politics.
=508  \\$aHemispheric Institute of Performance and Politics, producer ; Chris Tabron, Gray Wetzler, videographers ; Gray Wetzler, video editor.
=511  0\$aJuan Sebastián Monsalve (Director and bass player), Juanita Delgado (voice), Verónica Atehortúa (voice), Urpi Barco Quintana (voice), Andrés Felipe Salazas (drums and percussion), Rocío Medina (marimba de chonta and percussion), Edwin Ospina (electric guitar, percussion), Camilo Velásquez (tiple guitar, electronic programming and guitar).
=520  \\$aComadre Araña’s concert was presented as a part of the 7th Encuentro of the Hemispheric Institute of Performance and Politics, held in August of 2009 in Bogotá, Colombia, under the title 'Staging Citizenship: Cultural Rights in the Americas.' This 10-day event brought together activism, scholarship, and art around the themes of legacies, memories, struggles, and frontiers of citizenship. In Comadre Araña, the traditional music of Colombia's Pacific region meets jazz, rock, pop and electronic music. Three female voices intermingle with the rhythm of the bombo, marimba, cununo and guasá, along with electronic instruments such as the Indian sitar, the tiple guitar of the Colombian Andes, loops, samplers and all the resources of live electronic music. This edited version of the concert offers a privileged view of the musicians and the way they play their instruments - on stage, Comadre Araña functions as an organic experience where human voices and bodies intertwine with musical instruments. It members include; Juan Sebastián Monsalve (Director and bass player), Juanita Delgado (voice), Verónica Atehortúa (voice), Urpi Barco Quintana (voice), Andrés Felipe Salazas (drums and percussion), Rocío Medina (marimba de chonta and percussion), Edwin Ospina (electric guitar, percussion), Camilo Velásquez (tiple guitar, electronic programming and guitar).
=534  \\$pMedia source original:$e1 videocassette of 1 (Mini DV) : sd., col. ; 1/4 in. SP.$mPanasonic DVM60.
=540  \\$aThere are copyright restrictions on this collection. For more information, go to the online version of this video.
=650  \0$aMusic$zLatin America.
=650  \0$aFolk music$zColombia$zPacific Coast Region.
=650  \0$aFolk dance music$zColombia$zPacific Coast Region.
=650  \0$aPercussion music.
=650  \0$aIdentity politics.
=655  \7$aConcert.$2nyu-hidvl
=700  1\$aAraña, Comadre.$4cre$4cmp
=700  1\$aMonsalve, Juan Sebastián.$4msd$4mus
=700  1\$aDelgado, Juanita,$d1978-$4voc
=700  1\$aAtehortúa, Verónica.$4voc
=700  1\$aQuintana, Urpi Barco.$4voc
=700  1\$aSalazas, Andrés Felipe.$4mus
=700  1\$aMedina, Rocío.$4mus
=700  1\$aOspina, Edwin.$4mus
=700  1\$aVelásquez, Camilo.$4mus
=700  1\$aTabron, Chris.$4vdg
=700  1\$aWetzler, Gray.$4vdg$4flm
=710  2\$aHemispheric Institute of Performance and Politics.$4pro
=710  2\$aHemispheric Institute Digital Video Library.
=711  2\$aHemispheric Institute Encuentro$n(7th :$d2009 :$cBogotá, Colombia).$tStaging citizenship : cultural rights in the Americas.
=830  \0$aHemispheric Institute archive.
=856  40$uhttp://hdl.handle.net/2333.1/1zcrjg28

