=LDR  04848ngm a2200829 a 4500
=001  003678342
=004  003678342
=005  20130603211440.0
=006  m\\\\\\\\c\\\\\\\\
=007  vd\cvaiz|
=007  cr\cna|||m|||a
=007  cr\|||||||||||
=007  vd\cvaiz|
=008  121026e20090824ck\071\\\\\\\\\\\\vlspa\d
=024  7\$aHI2010_047_01$2nyu-hidvl
=024  7\$aHI2010_048_01$2nyu-hidvl
=024  7\$aHI2010.047_01$2nyu-hidvl
=024  7\$aHI2010.048_01$2nyu-hidvl
=040  \\$aNNU$beng$cNNU
=041  0\$aspa
=043  \\$acl-----$as-ck---
=245  02$aA título personal$h[videorecording] =$bIn a personal capacity /$cHemispheric Institute of Performance and Politics, producer ; Teatro La Candelaria, creator.
=246  31$aIn a personal capacity
=260  \\$c2009 Aug. 24.
=300  \\$3viewing copy.$a2 videodiscs of 2 (DVD) (70 min., 23 sec.: pt.1, 12 min., 21 sec.; pt.2, 58 min., 2 sec.) :$bsd., col. ;$c4 3/4 in.
=490  1\$aHemispheric Institute archive
=546  \\$aIn Spanish.
=500  \\$aTitle supplied by Hemispheric Institute.
=500  \\$aPart of the Hemispheric Institute Digital Video Library.
=518  \\$aPerformed at the Auditorio León de Greiff, in Bogotá, Colombia, on August 24, 2009, as part of the 7th Encuentro of the Hemispheric Institute of Performance and Politics.
=508  \\$aGray Wetzler, Chris Tabron, videographers.
=511  0\$aPatricia Ariza, Nohra Gonzalez, Nohora Ayala, Adelaida Otalora, Alexandra Escobar, Carmiña Martinez, Santiago Garcia, Rafael Giraldo, Luis Libardo Florez, Hernando Forero, Cesar Badillo, Fernando Mendoza, Francisco Martinez, performers.
=520  \\$aColombia’s Teatro La Candelaria presented 'In a Personal Capacity' ('A título personal') as a part of the 7th Encuentro of the Hemispheric Institute of Performance and Politics, held in August of 2009 in Bogotá, Colombia, under the title 'Staging Citizenship: Cultural Rights in the Americas.' This 10-day event brought together activism, scholarship, and art around the themes of legacies, memories, struggles, and frontiers of citizenship. 'In a Personal Capacity' was an experimental work that explored, through the collective efforts of its members, the field of information and communications in our contemporary world. At the same time, the members of the group look inside their own work, in a fragmentary self-reflection process that releases questions about their role as artists, as a collective, and as Colombians. Directed by Santiago García, Teatro La Candelaria was founded in 1966 by a group of independent artists and intellectuals. Engaged in an ongoing exploration of national folklore, events, and characters, much of their repertoire was created using the 'collective creation' method. La Candelaria also fostered the creation of the Corporación Colombiana de Teatro and has developed a number of theoretical works that reflect upon dramatic creation, its methods and languages.
=530  \\$aAlso available online as streaming video.
=534  \\$pMedia source original:$e2 videocassettes of 2 (Mini DV) : sd., col. ; 1/4 in. SP.$mPanasonic DVM60.
=540  \\$aThere are copyright restrictions on this collection. For more information, go to the online version of this video.
=610  20$aGrupo La Candelaria.
=650  \0$aStreet theater$zLatin America.
=650  \0$aPuppet theater.
=650  \0$aMasks$vDrama.
=650  \0$aTheater$xPolitical aspects$zLatin America.
=650  \0$aTheater and society$zColombia.
=653  \\$aCollective creation.
=655  \7$aPerformance.$2nyu-hidvl
=655  \7$aCollective creation.$2nyu-hidvl
=655  \7$aTheater.$2nyu-hidvl
=700  1\$aAriza, Patricia.$4prf
=700  1\$aGonzalez, Nohra.$4prf
=700  1\$aAyala, Nohora.$4prf
=700  1\$aOtalora, Adelaida.$4prf
=700  1\$aEscobar, Alexandra.$4prf
=700  1\$aCármina, Bea.$4prf
=700  1\$aGarcía, Santiago.$4prf
=700  1\$aGiraldo, Rafael.$4prf
=700  1\$aFlorez, Luis Libardo.$4prf
=700  1\$aForero, Hernando.$4prf
=700  1\$aBadillo, César.$4prf
=700  1\$aMendoza, Fernando,$d1935-$4prf
=700  0\$aMartinez, Francisco$c(Performer)$4prf
=700  1\$aWetzler, Gray.$4vdg
=700  1\$aTabron, Chris.$4vdg
=710  2\$aGrupo La Candelaria.$4cre
=710  2\$aHemispheric Institute of Performance and Politics.$4pro
=710  2\$aHemispheric Institute Digital Video Library.
=711  2\$aHemispheric Institute Encuentro$n(7th :$d2009 :$cBogotá, Colombia).$tStaging citizenship : cultural rights in the Americas.
=830  \0$aHemispheric Institute archive.
=856  40$uhttp://hdl.handle.net/2333.1/jm63xv1w
=853  00$81$adisc
=863  \\$81.1$a1
=863  \\$81.2$a2

