=LDR  03682cgm a2200481 a 4500
=001  003756098
=005  20140421213255.0
=006  m\\\\\\\\c\\\\\\\\
=007  cr\cna|||m|||a
=007  cr\|||||||||||
=008  130604e20090827ck\012\\\\\\\\s\\\vlspa\d
=024  7\$aHI2010_056_01$2nyu-hidvl
=040  \\$aNNU$beng$cNNU
=041  0\$aspa
=043  \\$as-ck---
=245  01$a¿Dónde están?$h[videorecording] :$bmemoria viva, mujeres en la plaza (clip editado) = Where are they? : live memory, women in the public square (edited clip) /$cHemispheric Institute of Performance and Politics, producer ; Patricia Ariza, creator.
=246  30$aMemoria viva, mujeres en la plaza (clip editado)
=246  31$aWhere are they? :$blive memory, women in the public square (edited clip)
=246  30$aLive memory, women in the public square (edited clip)
=260  \\$c2009 Aug. 27.
=300  \\$3viewing copy.$a1 streaming video (12 min., 1 sec.) :$bsd., col.
=490  1\$aHemispheric Institute archive
=546  \\$aIn Spanish.
=500  \\$aTitle supplied by Hemispheric Institute.
=500  \\$aPart of the Hemispheric Institute Digital Video Library.
=518  \\$aPerformed at the Plaza Bolívar in Bogotá, Colombia, on August 27, 2009, as part of the 7th Encuentro of the Hemispheric Institute of Performance and Politics.
=508  \\$aGray Wetzler, Rachel Lears, videographers ; Gray Wetzler, editor.
=520  \\$a'Where are they? Living Memory. Women in the Public Square' (¿Dónde están? Memoria viva. Mujeres en la plaza) was presented as a part of the 7th Encuentro of the Hemispheric Institute of Performance and Politics, held in August of 2009 in Bogotá, Colombia, under the title 'Staging Citizenship: Cultural Rights in the Americas.' This 10-day event brought together activism, scholarship, and art around the themes of legacies, memories, struggles, and frontiers of citizenship. The street action included 300 women, the majority of whom are victims and survivors of violence. Together with theatre and dance artists, they created a living, active and poetic presence, staging an aesthetics of resistance. This event made visible to Colombia and to the world the disappearances and forced displacements, the systematic assassinations of political leaders in the country, and the youth who are presented as 'false positives.' Those who are missing were remembered by walking through a series of panels, which reflected the void created by their absence. Patricia Ariza is a Colombian playwright, director and actress. Forty years ago she founded 'Teatro La Candelaria' with Santiago García. She is currently the director of 'Corporación La Candelaria' in Bogotá.
=534  \\$pMedia source original:$e1 videocassette of 1 (Mini DV) : sd., col. ; 1/4 in. SP.$mPanasonic DVM60.
=540  \\$aThere are copyright restrictions on this collection. For more information, go to the online version of this video.
=650  \0$aPolitical activists$zColombia.
=650  \0$aWomen$xPolitical activity$zColombia.
=650  \0$aPolitical violence$zColombia.
=650  \0$aDisappeared persons$zColombia.
=650  \0$aStreet theater$zColombia.
=655  \7$aUrban (street) intervention.$2nyu-hidvl
=700  1\$aAriza, Patricia.$4cre
=710  2\$aHemispheric Institute of Performance and Politics.$4pro
=710  2\$aHemispheric Institute Digital Video Library.
=711  2\$aHemispheric Institute Encuentro$n(7th :$d2009 :$cBogotá, Colombia).$tStaging citizenship : cultural rights in the Americas.
=830  \0$aHemispheric Institute archive.
=856  40$uhttp://hdl.handle.net/2333.1/4qrfj8bg

