=LDR  03203ngm a2200541 a 4500
=001  003474979
=004  003474979
=005  20110721142100.0
=006  m\\\\\\\\z\\\\\\\\
=007  vd\cvaiz|
=007  cr\cna|||m|||a
=007  vd\cvaiz|
=007  cr\|||||||||||
=008  110721e20090826nyu016\\\\\\\\\\\\vlspa\d
=024  7\$aHI2010_008_01$2nyu-hidvl
=040  \\$aNNU$beng$cNNU
=079  \\$a(OCoLC)742963742
=245  00$aInterview with Rocío Boliver$h[videorecording].
=246  3\$aRocío Boliver
=260  \\$c2009 Aug. 26.
=300  \\$3viewing copy.$a1 videodisc of 1 (DVD) (15 min., 51 sec.) :$bsd., col. ;$c4 3/4 in.
=490  1\$aHemispheric Institute featured interviews
=546  \\$aIn Spanish.
=500  \\$aTitle supplied by Hemispheric Institute.
=500  \\$aPart of the Hemispheric Institute Digital Video Library.
=518  \\$aRecorded at the Universidad Nacional, Bogotá, Colombia, on August 26, 2009, as part of the 7th Encuentro of the Hemispheric Institute of Performance and Politics.
=508  \\$aHemispheric Institute of Performance and Politics, producer.
=511  0\$aRocío Boliver, interviewee ; Antonio Prieto Stambaugh, interviewer.
=520  \\$aInterview with Rocío Boliver, conducted by Antonio Prieto Stambaugh, during the 7th Encuentro of the Hemispheric Institute of Performance and Politics, held in August of 2009 in Bogotá, Colombia under the title 'Staging Citizenship: Cultural Rights in the Americas.' In this interview, Rocío Boliver talks about her take on how her particular performance-related work makes a political intervention in the public sphere. This interview complements her performance 'Sonata para pepáfono y voz, Opus 140,' showcased in this 10-day event, which brought together activism, scholarship, and art around the themes of legacies, memories, struggles, and frontiers of citizenship. Rocío Boliver has been active in the art world for the past ten years. She began her career as a performer in 1992 with a reading of her porno-erotic texts, focusing her critique on the repression of women.
=530  \\$aAlso available online as streaming video.
=534  \\$pMedia source original:$e1 videocassette of 1 (Mini DV) : sd., col. ; 1/4 in. SP.$mPanasonic DVM60.
=540  \\$aThere are copyright restrictions on this collection. For more information, go to the online version of this video.
=600  10$aBoliver, Rocío$vInterviews.
=650  \0$aGender identity.
=650  \0$aIdentity politics.
=650  \0$aSex$xPolitical aspects.
=650  \0$aWomen$xSexual behavior.
=653  \\$aBody politics
=655  \7$aInterview.$2nyu-hidvl
=700  1\$aBoliver, Rocío.$4ive
=700  1\$aPrieto Stambaugh, Antonio.$4ivr
=710  2\$aHemispheric Institute of Performance and Politics.$4pro
=710  2\$aHemispheric Institute Digital Video Library.
=711  2\$aHemispheric Institute Encuentro$n(7th :$d2009 :$cBogotá, Colombia).$tStaging citizenship : cultural rights in the Americas.
=830  \0$aHemispheric Institute featured interviews.
=856  40$uhttp://hdl.handle.net/2333.1/76hdr920

