=LDR  03804ngm a2200601 a 4500
=001  003618506
=004  003618506
=005  20120521144348.0
=006  m\\\\\\\\c\\\\\\\\
=007  vd\cvaiz|
=007  cr\cna|||m|||a
=007  cr\|||||||||||
=007  vd\cvaiz|
=008  120521e20090822nyu015\\\\\\\\\\\\vlspa\d
=024  7\$aHI2010_037_01$2nyu-hidvl
=024  7\$aHI2010.037_01$2nyu-hidvl
=040  \\$aNNU$beng$cNNU
=041  0\$aspa
=079  \\$a(OCoLC)794494940
=245  00$aSonata para Pepáfono y Voz, opus 140$h[videorecording] =$bSonata for Pussyphone and Voice, opus 140 /$cRocío Boliver, creator.
=246  31$aSonata for Pussyphone and Voice, opus 140
=260  \\$c2009 Aug. 22.
=300  \\$3viewing copy.$a1 videodisc of 1 (DVD) (14 min., 12 sec.) :$bsd., col. ;$c4 3/4 in.
=490  1\$aHemispheric Institute archive
=546  \\$aIn Spanish.
=500  \\$aTitle supplied by Hemispheric Institute.
=500  \\$aPart of the Hemispheric Institute Digital Video Library.
=518  \\$aRecorded at the Auditorio Olav Roots-Conservatorio de Música, Bogotá, Colombia, on August 22, 2009, as part of the 7th Encuentro of the Hemispheric Institute of Performance and Politics.
=508  \\$aHemispheric Institute of Performance and Politics, producer ; Carmen Oquendo, videographer.
=511  0\$aRocío Boliver, Ana Luz Álvarez, performers.
=520  \\$a'Sonata for Pussyphone and Voice, opus 140' was presented by México’s Rocío Boliver and Ana Luz Álvarez, as a part of the 7th Encuentro of the Hemispheric Institute of Performance and Politics, held in August of 2009 in Bogotá, Colombia, under the title 'Staging Citizenship: Cultural Rights in the Americas.' This 10-day event brought together activism, scholarship, and art around the themes of legacies, memories, struggles, and frontiers of citizenship. 'Sonata for Pussyphone and Voice, opus 140' was a concert in four movements performed by a woman who used a musical instrument called pussyphone, which is played with the vagina. This performance offered a reflection on cultural rights for all audiences. At the same time this performance staged a reflection on the politics of spaces, and the politics of art as institution - the femenine body was situated at the center of the National University of Bogota's Music Conservatory. Boliver has been active in the art world for the past ten years. She began her career as a performer in 1992 with a reading of her porno-erotic texts, focusing her critique on the repression of women. Álvarez Torres is an opera singer, actress and musician who specializes in jazz.
=530  \\$aAlso available online as streaming video.
=534  \\$pMedia source original:$e1 videocassette of 1 (Mini DV) : sd., col. ; 1/4 in. SP.$mPanasonic DVM60.
=540  \\$aThere are copyright restrictions on this collection. For more information, go to the online version of this video.
=650  \0$aPolitical satire.
=650  \0$aWomen$xSexual behavior.
=650  \0$aGender expression.
=650  \0$aSex$xSocial aspects.
=650  \0$aSex in music.
=650  \0$aIdentity politics.
=650  \0$aFemininity.
=653  \\$aBody politics.
=655  \7$aConcert.$2nyu-hidvl
=700  1\$aBoliver, Rocío.$4cre$4prf
=700  1\$aÁlvarez, Ana Luz.$4prf
=700  1\$aOquendo, Carmen.$4vdg
=710  2\$aHemispheric Institute of Performance and Politics.$4pro
=710  2\$aHemispheric Institute Digital Video Library.
=711  2\$aHemispheric Institute Encuentro$n(7th :$d2009 :$cBogotá, Colombia).$tStaging citizenship : cultural rights in the Americas.
=830  \0$aHemispheric Institute archive.
=856  40$uhttp://hdl.handle.net/2333.1/qfttf0s6

