=LDR  03306ngm a2200553 a 4500
=001  003460988
=004  003460988
=005  20110616155116.0
=006  m\\\\\\\\z\\\\\\\\
=007  vd\cvaiz|
=007  cr\cna|||m|||a
=007  vd\cvaiz|
=007  cr\|||||||||||
=008  110616e20090824nyu025\\\\\\\\\\\\vlspa\d
=024  7\$aHI2010_002_01$2nyu-hidvl
=040  \\$aNNU$beng$cNNU
=041  0\$aspa$aeng
=043  \\$anwcu---
=079  \\$a(OCoLC)741728662
=245  00$aInterview with Tania Bruguera$h[videorecording].
=246  3\$aTania Bruguera
=260  \\$c2009 Aug. 24.
=300  \\$3viewing copy.$a1 videodisc of 1 (DVD) (24 min., 17 sec.) :$bsd., col. ;$c4 3/4 in.
=546  \\$aIn Spanish and English.
=500  \\$aTitle supplied by Hemispheric Institute.
=500  \\$aPart of the Hemispheric Institute Digital Video Library.
=518  \\$aRecorded in Bogotá, Colombia, on August 24, 2009, as part of the 7th Encuentro of the Hemispheric Institute of Performance and Politics.
=508  \\$aHemispheric Institute of Performance and Politics, producer ; Rachel Lears, videographer.
=511  0\$aTania Bruguera, interviewee ; José Muñoz, interviewer.
=520  \\$aInterview with Tania Bruguera, conducted by José Muñoz, during the 7th Encuentro of the Hemispheric Institute of Performance and Politics, held in August of 2009 in Bogotá, Colombia under the title 'Staging Citizenship: Cultural Rights in the Americas.' In this interview, Tania Bruguera talks about her take on how her particular performance-related work makes a political intervention in the public sphere. This interview complements Bruguera's performance 'Double Album: Two Simultaneous Performances,' showcased in this 10-day event, which brought together activism, scholarship, and art around the themes of legacies, memories, struggles, and frontiers of citizenship. Tania Bruguera is a political artist who works primarily in behavior art (arte de conducta). Her work explores the role of the audience in performances and the relationship between ethics and desire. In 2002 she created the Cátedra Arte de Conducta, the first center in Havana dedicated to the study of political art.
=530  \\$aAlso available online as streaming video.
=534  \\$pMedia source original:$e1 videocassette of 1 (Mini DV) : sd., col. ; 1/4 in. SP.$mPanasonic DVM60.
=540  \\$aThere are copyright restrictions on this collection. For more information, go to the online version of this video.
=600  10$aBrugueras, Tania$vInterviews.
=650  \0$aWomen artists$zCuba.
=650  \0$aPolitics in art.
=650  \0$aEntertainers$zCuba.
=650  \0$aPerformance art$zCuba.
=651  \0$aCuba$xIntellectual life$y21st century.
=655  \7$aInterview.$2nyu-hidvl
=700  1\$aBrugueras, Tania.$4ive
=700  1\$aMuñoz, José (artist)$4ivr
=700  1\$aLears, Rachel.$4vdg
=710  2\$aHemispheric Institute of Performance and Politics.$4pro
=710  2\$aHemispheric Institute Digital Video Library.
=711  2\$aHemispheric Institute Encuentro$n(7th :$d2009 :$cBogotá, Colombia).$tStaging citizenship : cultural rights in the Americas.
=856  40$uhttp://hdl.handle.net/2333.1/cz8w9hrp

