=LDR  04260cgm a2200457 a 4500
=001  003756222
=005  20140421213354.0
=006  m\\\\\\\\c\\\\\\\\
=007  cr\cna|||m|||a
=007  cr\|||||||||||
=008  130605e20090826ck\012\\\\\\\\s\\\vlspa\d
=024  7\$aHI2010_068_01$2nyu-hidvl
=040  \\$aNNU$beng$cNNU
=041  0\$aspa
=043  \\$acl-----$as-ck---
=245  00$aDouble album$h[videorecording] :$btwo simultaneous performances (edited clip).$pTania Bruguera's Untitled /$cHemispheric Institute of Performance and Politics, producer ; Tania Bruguera, creator.
=246  30$aTania Bruguera's Untitled
=260  \\$c2009 Aug. 26.
=300  \\$3viewing copy.$a1 streaming video (11 min., 55 sec.) :$bsd., col.
=490  1\$aHemispheric Institute archive
=546  \\$aIn Spanish.
=500  \\$aTitle supplied by Hemispheric Institute.
=500  \\$aPart of the Hemispheric Institute Digital Video Library.
=518  \\$aPerformed at the Ed. de Artes Plásticas (salons 205 and 207), Universidad Nacional, in Bogotá, Colombia, on August 26, 2009, as part of the 7th Encuentro of the Hemispheric Institute of Performance and Politics.
=508  \\$aGray Wetzler, videographer, editor.
=520  \\$aGuillermo Gómez-Peña and Tania Bruguera presented 'Two Simultaneous Performances' as a part of the 7th Encuentro of the Hemispheric Institute of Performance and Politics, held in August of 2009 in Bogotá, Colombia, under the title 'Staging Citizenship: Cultural Rights in the Americas.' This 10-day event brought together activism, scholarship, and art around the themes of legacies, memories, struggles, and frontiers of citizenship. Although their projects emerged from different geographical contexts and different performance languages, Bruguera and Gómez-Peña engaged in a 'performatic conversation' whose goal was to 'coexist and co-create a parallel, temporary universe' as 'an act of international reconciliation.' This is a video documentation of Tania Bruguera’s contribution to the conversation, 'Untitled (Bogotá, 2009),' presented as part of the artist's series around political stereotypes of specific countries. In this controversial piece, Bruguera brought together a panel of Colombian people who had been directly affected by their country's national conflict around drugs, to discuss their concerns and share their diverging points of view. Unbeknownst to them, the audience, and the curators of the event, Bruguera had arranged for a tray of cocaine to be circulated throughout the space. As the cocaine was freely offered by a kind of cocaine 'server,' focus quickly shifted from the panel to the audience. Some were confused, some were outraged, others engaged in drug use. All of this complicated the issues addressed by the panel speakers - the Colombian war on drugs and those who suffer its consequences - creating a clash between the victims of the conflict and the very drug that is ostensibly at the center of that conflict.
=520  \\$aTania Bruguera is a political artist who works primarily in 'behavior art' (arte de conducta). Her work explores the role of the audience in performances, and the relationship between ethics and desire. In 2002 she created the Cátedra Arte de Conducta, the first center in Havana dedicated to the study of political art.
=534  \\$pMedia source original:$e1 videocassette of 1 (Mini DV) : sd., col. ; 1/4 in. SP.$mPanasonic DVM60.
=540  \\$aThere are copyright restrictions on this collection. For more information, go to the online version of this video.
=650  \0$aPerformance art$zLatin America$xPolitical aspects.
=650  \0$aDrug control$zColombia.
=650  \0$aVictims of violent crimes$zColombia.
=650  \0$aParticipatory theater.
=655  \7$aPerformance.$2nyu-hidvl
=700  1\$aBrugueras, Tania.$4cre
=710  2\$aHemispheric Institute of Performance and Politics.$4pro
=710  2\$aHemispheric Institute Digital Video Library.
=711  2\$aHemispheric Institute Encuentro$n(7th :$d2009 :$cBogotá, Colombia).$tStaging citizenship : cultural rights in the Americas.
=830  \0$aHemispheric Institute archive.
=856  40$uhttp://hdl.handle.net/2333.1/mpg4f6c4

