=LDR  04119cgm a2200601 a 4500
=001  003731372
=004  003731372
=005  20130318122729.0
=006  m\\\\\\\\c\\\\\\\\
=007  vd\cvaizu
=007  cr\cna|||m|||a
=007  cr\|||||||||||
=007  vd\cvaizu
=008  130318e20090827ck\030\\\\\\\\\\\\vleng\d
=024  7\$aHI2010_064_01$2nyu-hidvl
=024  7\$aHI2010.064_01$2nyu-hidvl
=040  \\$aNNU$beng$cNNU
=041  0\$aeng$aspa
=043  \\$acl-----
=079  \\$a(OCoLC)845245068
=245  00$aGiven over to want$h[videorecording] =$bEntregados al deseo /$cHemispheric Institute of Performance and Politics, producer ; Nao Bustamante, creator.
=246  31$aEntregados al deseo
=260  \\$c2009 Aug. 27.
=300  \\$3viewing copy.$a1 videodisc of 1 (DVD) (29 min., 36 sec.) :$bsd., col. ;$c4 3/4 in.
=490  1\$aHemispheric Institute archive
=546  \\$aIncludes English and Spanish.
=500  \\$aTitle supplied by Hemispheric Institute.
=500  \\$aPart of the Hemispheric Institute Digital Video Library.
=518  \\$aPerformed at Mapa Teatro, in Bogotá, Colombia, on August 27, 2009, as part of the 7th Encuentro of the Hemispheric Institute of Performance and Politics.
=508  \\$aCarmen Oquendo, videographer.
=511  1\$aNao Bustamante, Larry La Fountain-Stokes, performers.
=520  \\$a'Given Over to Want' (Entrgados al deseo) was presented as a part of the 7th Encuentro of the Hemispheric Institute of Performance and Politics, held in August of 2009 in Bogotá, Colombia, under the title 'Staging Citizenship: Cultural Rights in the Americas.' This 10-day event brought together activism, scholarship, and art around the themes of legacies, memories, struggles, and frontiers of citizenship.As a part of the Encuentro, performance artist Susana Cook coordinated a series of late-night performances that were staged in Mapa Teatro’s theater space – an old house where the ruins of the past coexist with the vitality of live performances. Every night, participants presented short, sometimes impromptu, cabaret-style performances, transforming Mapa Teatro into an open site for artistic experimentation and exchange. One of these performances was 'Given Over to Want', a piece where sculpting the body with tape, shadow-play, and boxed wine all provided material for the exploration between human want, both natural and contrived. The performance dealt with the themes of transformation, desire, and desirability. The precariousness of citizenship crumbles into an image as primordial as it is hungry, both fully human and fully alien. Bustamante is a performance artist born in California. Her work encompasses performance art, installation, video, pop music, and experimental rips in time. She is currently teaching New Media and Live Art at Rensselaer Polytechnic Institute, New York.
=530  \\$aAlso available online as streaming video.
=534  \\$pMedia source original:$e1 videocassette of 1 (Mini DV) : sd., col. ; 1/4 in. SP.$mPanasonic DVM60.
=540  \\$aThere are copyright restrictions on this collection. For more information, go to the online version of this video.
=650  \0$aBiopolitics$vDrama.
=650  \0$aPerformance art$xPolitical aspects.
=650  \0$aPerformance artists$zLatin America.
=650  \0$aHispanic American artists.
=650  \0$aVulnerability (Personality trait)$vDrama.
=650  \0$aDesire$vDrama.
=653  \\$aBody politics.
=655  \7$aPerformance.$2nyu-hidvl
=700  1\$aBustamante, Nao.$4cre$4prf
=700  1\$aLa Fountain-Stokes, Lawrence M.$q(Lawrence Martin),$d1968-$4prf
=700  1\$aOquendo, Carmen.$4vdg
=710  2\$aHemispheric Institute of Performance and Politics.$4pro
=710  2\$aHemispheric Institute Digital Video Library.
=711  2\$aHemispheric Institute Encuentro$n(7th :$d2009 :$cBogotá, Colombia).$tStaging citizenship : cultural rights in the Americas.
=830  \0$aHemispheric Institute archive.
=856  40$uhttp://hdl.handle.net/2333.1/9kd51dsm

