=LDR  03332ngm a2200553 a 4500
=001  003462248
=004  003462248
=005  20110620125052.0
=006  m\\\\\\\\z\\\\\\\\
=007  vd\cvaiz|
=007  cr\cna|||m|||a
=007  vd\cvaiz|
=007  cr\|||||||||||
=008  110620e20090826nyu018\\\\\\\\\\\\vlspa\d
=024  7\$aHI2010_007_01$2nyu-hidvl
=040  \\$aNNU$beng$cNNU
=043  \\$as-pe---
=079  \\$a(OCoLC)741728672
=245  00$aInterview with Giuseppe Campuzano$h[videorecording].
=246  3\$aGiuseppe Campuzano
=260  \\$c2009 Aug. 26.
=300  \\$3viewing copy.$a1 videodisc of 1 (DVD) (17 min., 47 sec.) :$bsd., col. ;$c4 3/4 in.
=490  1\$aHemispheric Institute featured interviews
=546  \\$aIn Spanish.
=500  \\$aTitle supplied by Hemispheric Institute.
=500  \\$aPart of the Hemispheric Institute Digital Video Library.
=518  \\$aRecorded at the Universidad Nacional, Bogotá, Colombia, on August 26, 2009, as part of the 7th Encuentro of the Hemispheric Institute of Performance and Politics.
=508  \\$aHemispheric Institute of Performance and Politics, producer.
=511  0\$aGiuseppe Campuzano, interviewee ; Marcela Fuentes, interviewer.
=520  \\$aInterview with Giuseppe Campuzano, conducted by Marcela Fuentes, during the 7th Encuentro of the Hemispheric Institute of Performance and Politics, held in August of 2009 in Bogotá, Colombia under the title 'Staging Citizenship: Cultural Rights in the Americas.' In this interview, Giuseppe Campuzano talks about his take on how his particular performance-related work makes a political intervention in the public sphere. This interview complements his performance 'Museo Travesti,' showcased in this 10-day event, which brought together activism, scholarship, and art around the themes of legacies, memories, struggles, and frontiers of citizenship. Giuseppe Campuzano is a researcher and artist. Since 2003, he has been working on the 'Transvestite Museum' project, an exploration of the realities of transvestism, a staging of its aesthetics, and a confrontation between its forms of knowledge and official discourses.
=530  \\$aAlso available online as streaming video.
=534  \\$pMedia source original:$e1 videocassette of 1 (Mini DV) : sd., col. ; 1/4 in. SP.$mPanasonic DVM60.
=540  \\$aThere are copyright restrictions on this collection. For more information, go to the online version of this video.
=600  10$aCampuzano, Giuseppe,$d1969-$vInterviews.
=650  \0$aGender identity$zPeru.
=650  \0$aPeruvians$xEthnic identity.
=650  \0$aNational characteristics, Peruvian.
=650  \0$aMuseums$zPeru.
=651  \0$aPeru$xSocial life and customs$y21st century.
=655  \7$aInterview.$2nyu-hidvl
=700  1\$aCampuzano, Giuseppe,$d1969-$4ive
=700  1\$aFuentes, Marcela.$4ivr
=710  2\$aHemispheric Institute of Performance and Politics.$4pro
=710  2\$aHemispheric Institute Digital Video Library.
=711  2\$aHemispheric Institute Encuentro$n(7th :$d2009 :$cBogotá, Colombia).$tStaging citizenship : cultural rights in the Americas.
=830  \0$aHemispheric Institute featured interviews.
=856  40$uhttp://hdl.handle.net/2333.1/vx0k6fvt

