=LDR  03546cgm a2200481 a 4500
=001  003756094
=005  20140421213243.0
=006  m\\\\\\\\c\\\\\\\\
=007  cr\cna|||m|||a
=007  cr\|||||||||||
=008  130604e20090821ck\006\\\\\\\\s\\\vlspa\d
=024  7\$aHI2010_036_01$2nyu-hidvl
=040  \\$aNNU$beng$cNNU
=041  0\$aspa
=043  \\$acl-----
=245  00$aMuseo Travesti (versión editada)$h[videorecording] =$bTransvestite Museum (edited version) /$cHemispheric Institute of Performance and Politics, producer ; Giuseppe Campuzano, creator.
=246  31$aTransvestite Museum (edited version)
=260  \\$c2009 Aug. 21.
=300  \\$3viewing copy.$a1 streaming video (5 min., 46 sec.) :$bsd., col.
=490  1\$aHemispheric Institute archive
=546  \\$aIn Spanish.
=500  \\$aTitle supplied by Hemispheric Institute.
=500  \\$aPart of the Hemispheric Institute Digital Video Library.
=518  \\$aPerformed at the Auditorio León de Greiff, in Bogotá, Colombia, on August 21, 2009, as part of the 7th Encuentro of the Hemispheric Institute of Performance and Politics.
=508  \\$aRachel Lears, Robert Gonyo, videographers ; Gray Wetzler, video editor.
=511  1\$aLuis Gerardo Rosero, Chicas Extraordinarias, performers.
=520  \\$a'Transvestite Museum,' by Peruvian researcher and artist Giuseppe Campuzano, was presented as a part of the 7th Encuentro of the Hemispheric Institute of Performance and Politics, held in August of 2009 in Bogotá, Colombia, under the title 'Staging Citizenship: Cultural Rights in the Americas.' This 10-day event brought together activism, scholarship, and art around the themes of legacies, memories, struggles, and frontiers of citizenship. Since 2003, Campuzano has been working on the 'Transvestite Museum' project, an exploration of the realities of transvestism, a staging of its aesthetics, and a confrontation between its forms of knowledge and official discourses. This performance explored a transvestite body that performs in order to persist in the face of a denied discourse: ritual turned into spectacle, a queer body whose performance deconstructs and assembles its topics and differences as strategy. The 'Transvestite Museum' appeared at the National University within a geneology of Peruvian ritual dance, always from the body: the bodies of the Chicas Extraordinarias in relationship with their intra-university address, and the body of Luis Gerardo Rosero, weaving together objects and subjects of shared memory through his choreography.
=534  \\$pMedia source original:$e1 videocassette of 1 (Mini DV) : sd., col. ; 1/4 in. SP.$mPanasonic DVM60.
=540  \\$aThere are copyright restrictions on this collection. For more information, go to the online version of this video.
=610  20$aMuseo Travesti del Perú.
=650  \0$aTransvestism in art.
=650  \0$aIndigenous peoples$xPolitics and government
=650  \0$aIdentity politics.
=655  \7$aPerformance.$2nyu-hidvl
=655  \7$aPerformance/Installation.$2nyu-hidvl
=700  1\$aCampuzano, Giuseppe.$4cre
=700  1\$aWetzler, Gray.$4flm
=710  2\$aHemispheric Institute of Performance and Politics.$4pro
=710  2\$aHemispheric Institute Digital Video Library.
=711  2\$aHemispheric Institute Encuentro$n(7th :$d2009 :$cBogotá, Colombia).$tStaging citizenship : cultural rights in the Americas.
=830  \0$aHemispheric Institute archive.
=856  40$uhttp://hdl.handle.net/2333.1/8cz8wc3h

