=LDR  03889ngm a2200661 a 4500
=001  003475792
=004  003475792
=005  20120523180256.0
=006  m\\\\\\\\c\\\\\\\\
=007  vd\cvaiz|
=007  cr\cna|||m|||a
=007  vd\cvaiz|
=007  cr\|||||||||||
=008  110725e20090821nyu049\\\\\\\\\\\\vlspa\d
=024  7\$aHI2010_015_01$2nyu-hidvl
=024  7\$aHI2010_016_01$2nyu-hidvl
=024  7\$aHI2010.015_01$2nyu-hidvl
=024  7\$aHI2010.016_01$2nyu-hidvl
=040  \\$aNNU$beng$cNNU
=041  0\$aspa
=043  \\$as-ck---
=245  00$aXimena Castilla's keynote address$h[videorecording] :$bLa ciudadanía desde el feminismo anarquista
=246  30$aCiudadanía desde el feminismo anarquista
=246  3\$aAnarcho-feminist citizenship
=260  \\$c2009 Aug. 21.
=300  \\$3viewing copy.$a2 videodiscs of 2 (DVD) (48 min., 52 sec.: pt.1, 42 min. ; pt.2, 6 min., 52 sec.) :$bsd., col. ;$c4 3/4 in.
=490  1\$aHemispheric Institute archive
=546  \\$aIn Spanish.
=500  \\$aTitle supplied by Hemispheric Institute.
=500  \\$aPart of the Hemispheric Institute Digital Video Library.
=500  \\$aTape HI2010.016_01 also contains HI2010.016_02 (Part 1 of: "Jesús Martín Barbero's keynote address : Artes de la memoria y regímenes de visibilidad").
=518  \\$aRecorded at the Universidad Nacional, Bogotá, Colombia, on August 21, 2009, as part of the 7th Encuentro of the Hemispheric Institute of Performance and Politics.
=508  \\$aHemispheric Institute of Performance and Politics, producer ; Chris Tabron, videographer.
=511  0\$aXimena Castilla, speaker ; Rocío Nossa, guitarist ; Marcial Godoy-Anativia, introducer.
=520  \\$aVideo documentation of Ximena Castilla’s keynote address, ‘La ciudadanía desde el feminismo anarquista,’ presented as a part of the 7th Encuentro of the Hemispheric Institute of Performance and Politics, held in August of 2009 in Bogotá, Colombia, under the title 'Staging Citizenship: Cultural Rights in the Americas.' This 10-day event brought together activism, scholarship, and art around the themes of legacies, memories, struggles, and frontiers of citizenship. With an introduction by Marcial Godoy-Anativia, Ximena Castilla’s discussion addresses the theme of citizenship from the standpoint of anarcho-feminism, framing citizenship as an ancient, efficient, subversive, and ludic construction. Ximena Castilla is a Colombian criminal lawyer from the Universidad Externado de Colombia. She is a defender of women's rights and dedicates herself to human rights cases, especially those dealing with sexual and reproductive rights.
=530  \\$aAlso available online as streaming video.
=534  \\$pMedia source original:$e2 videocassettes of 2 (Mini DV) : sd., col. ; 1/4 in. SP.$mPanasonic DVM60.
=540  \\$aThere are copyright restrictions on this collection. For more information, go to the online version of this video.
=650  \0$aFeminism.
=650  \0$aWomen's rights$zColombia.
=650  \0$aWomen$xLegal status, laws, etc.$zColombia.
=650  \0$aSexual rights$zColombia.
=655  \7$aKeynote address.$2nyu-hidvl
=655  \0$aFilmed speeches.
=700  1\$aCastilla, Ximena.$4spk
=700  1\$aNossa, Rocío.$4mus
=700  1\$aGodoy-Anativia, Marcial$eintroducer
=700  1\$aTabron, Chris.$4vdg
=710  2\$aHemispheric Institute of Performance and Politics.$4pro
=710  2\$aHemispheric Institute Digital Video Library.
=711  2\$aHemispheric Institute Encuentro$n(7th :$d2009 :$cBogotá, Colombia).$tStaging citizenship : cultural rights in the Americas.
=830  \0$aHemispheric Institute archive.
=853  00$81$apt.
=863  \\$81.1$a1
=863  \\$81.2$a2
=856  40$uhttp://hdl.handle.net/2333.1/fqz613t6

