=LDR  05355cgm a2200577 a 4500
=001  003731498
=004  003731498
=005  20130327103616.0
=006  m\\\\\\\\c\\\\\\\\
=007  vd\cvaizu
=007  cr\cna|||m|||a
=007  cr\|||||||||||
=007  vd\cvaizu
=008  130318e20090828ck\040\\\\\\\\\\\\vlspa\d
=024  7\$aHI2010_066_01$2nyu-hidvl
=024  7\$aHI2010.066_01$2nyu-hidvl
=040  \\$aNNU$beng$cNNU
=041  0\$aspa
=079  \\$a(OCoLC)845245124
=245  00$aSpoken word duel across the table$h[videorecording] /$cHemispheric Institute of Performance and Politics, producer ; Susana Cook, Guillermo Gómez-Peña, creators.
=246  3\$aSusana Cook and Guillermo Gómez-Peña's duel
=260  \\$c2009 Aug. 28.
=300  \\$3viewing copy.$a1 videodisc of 1 (DVD) (39 min., 51 sec.) :$bsd., col. ;$c4 3/4 in.
=490  1\$aHemispheric Institute archive
=546  \\$aIn Spanish.
=500  \\$aTitle supplied by Hemispheric Institute.
=500  \\$aPart of the Hemispheric Institute Digital Video Library.
=518  \\$aPerformed at Mapa Teatro, in Bogotá, Colombia, on August 28, 2009, as part of the 7th Encuentro of the Hemispheric Institute of Performance and Politics.
=508  \\$aCarmen Oquendo, videographer.
=511  1\$aSusana Cook, Guillermo Gómez-Peña, performers.
=520  \\$aThis impromptu spoken word duel between Guillermo Gómez Peña & Susana Cook was presented as part of the 7th Encuentro of the Hemispheric Institute of Performance and Politics, held in August of 2009 in Bogotá, Colombia, under the title 'Staging Citizenship: Cultural Rights in the Americas.' This 10-day event brought together activism, scholarship, and art around the themes of legacies, memories, struggles, and frontiers of citizenship. As a part of the Encuentro, performance artist Susana Cook coordinated a series of late-night performances that were staged in Mapa Teatro’s theater space – an old house where the ruins of the past coexist with the vitality of live performances. Every night, participants presented short, sometimes impromptu, cabaret-style performances, transforming Mapa Teatro into an open site for artistic experimentation and exchange. Both Susana Cook and Gómez Peña are well known for their spoken word works; for this reason, this video documentation of their ‘duel’ is a unique opportunity for enjoying their art and their playful dialogue. Staged as a jam session of poetry, both performers explore issues regarding power, complicity, nation, and gender. Their interaction transformed the surface of the table into a ludic field upon which an emerging community of performers and spectators engaged in a convivial meeting. This experience offered compelling questions about how performance is never a finished product, but an ongoing process of creation and transformation.
=520  \\$aGuillermo Gómez-Peña is a performance artist/writer and the director of the transnational arts collective La Pocha Nostra. He was born in Mexico City and came to the US in 1978. Since then he has been exploring cross-cultural issues with the use of performance, multilingual poetry, journalism, video, radio, and installation art. His performance work and eight books have contributed to the debates on cultural diversity, identity, and US-Mexico relations. His art work has been presented at over seven hundred venues across the US, Canada, Latin America, Europe, Russia and Australia. He is a MacArthur Fellow, American Book Award winner, and a Senior Fellow of the Hemispheric Institute of Performance and Politics. He is a regular contributor to National Public Radio, a writer for newspapers and magazines in the US, Mexico, and Europe, and a contributing editor to The Drama Review (NYU-MIT). Susana Cook is a New York based Argentine playwright, performer, and director. She has presented her work as an independent artist for over 20 years. Her original plays include: The UnPatriotic Act: Homeland Insecurities, The Values Horror Show, 100 Years of Attitude, Dykenstein, Hamletango, and Hot Tamale, among others. The recipient of numerous fellowships and honors, she has presented her work globally in Argentina, Colombia, Mexico, Spain, India, Ecuador, and Canada.
=530  \\$aAlso available online as streaming video.
=534  \\$pMedia source original:$e1 videocassette of 1 (Mini DV) : sd., col. ; 1/4 in. SP.$mPanasonic DVM60.
=540  \\$aThere are copyright restrictions on this collection. For more information, go to the online version of this video.
=650  \0$aPoetry slams.
=650  \0$aIdentity politics.
=650  \0$aGender identity.
=653  \\$aCollaborative creation.
=655  \7$aPerformance.$2nyu-hidvl
=655  \7$aSpoken word.$2nyu-hidvl
=700  1\$aCook, Susana.$4cre$4prf
=700  1\$aGómez-Peña, Guillermo.$4cre$4prf
=700  1\$aOquendo, Carmen.$4vdg
=710  2\$aHemispheric Institute of Performance and Politics.$4pro
=710  2\$aHemispheric Institute Digital Video Library.
=711  2\$aHemispheric Institute Encuentro$n(7th :$d2009 :$cBogotá, Colombia).$tStaging citizenship : cultural rights in the Americas.
=830  \0$aHemispheric Institute archive.
=856  40$uhttp://hdl.handle.net/2333.1/2280gcqs

