=LDR  04493cgm a2200529 a 4500
=001  003765778
=005  20140421214432.0
=006  m\\\\\\\\c\\\\\\\\
=007  vd\cvaizu
=007  cr\cna|||m|||a
=007  cr\|||||||||||
=008  130614e20090823ck\020\\\\\\\\\\\\vlspa\d
=024  7\$aHI2010_062_01$2nyu-hidvl
=040  \\$aNNU$beng$cNNU
=041  0\$aspa$aeng
=245  03$aLa furia de los dioses$h[videorecording] =$bThe fury of the gods /$cHemispheric Institute of Performance and Politics, producer ; Susana Cook, creator.
=246  31$aFury of the gods
=260  \\$c2009 Aug. 23.
=300  \\$3viewing copy.$a1 videodisc of 1 (DVD) (19 min., 38 sec.: part 1, 10 min., 5 sec.; part 2, 9 min., 33 sec.) :$bsd., col. ;$c4 3/4 in.
=490  1\$aHemispheric Institute archive
=546  \\$aPart 1 in Spanish; Part 2 in English.
=500  \\$aTitle supplied by Hemispheric Institute.
=500  \\$aPart of the Hemispheric Institute Digital Video Library.
=518  \\$aPerformed at Mapa Teatro, in Bogotá, Colombia, on August 23, 2009, as part of the 7th Encuentro of the Hemispheric Institute of Performance and Politics - Part 1 is the performance in Spanish, followed by Part 2 performed in English.
=508  \\$aCarmen Oquendo, videographer.
=511  1\$aSusana Cook, performer.
=520  \\$a'La furia de los dioses' ('The Fury of the Gods') was presented as a part of the 7th Encuentro of the Hemispheric Institute of Performance and Politics, held in August of 2009 in Bogotá, Colombia, under the title 'Staging Citizenship: Cultural Rights in the Americas.' This 10-day event brought together activism, scholarship, and art around the themes of legacies, memories, struggles, and frontiers of citizenship. As a part of the Encuentro, performance artist Susana Cook coordinated a series of late-night performances that were staged in Mapa Teatro’s theater space – an old house where the ruins of the past coexist with the vitality of live performances. Every night, participants presented short, sometimes impromptu, cabaret-style performances, transforming Mapa Teatro into an open site for artistic experimentation and exchange. One of these performances was 'La furia de los dioses,' an exercise in pop blasphemy, an ecclesiastical experiment in heathenism. Written and performed by Susana Cook - first in Spanish, then in English - 'La furia de los dioses' was a sharp political satire of biblical proportions that skewered the sacred and eviscerated evangelical fundamentalism suggesting that it may be the principal obstacle that stands in the way to intercultural understanding, creating a rhetoric of the state in order to justify segregation and oppression. All these issues were intertwined with a humoristic self-criticism, playing with the idea that evangelical fundamentalism might have mistaken where ‘heaven’ can be found.
=520  \\$aSusana Cook is a New-York based Argentine playwright, performer, and director. She has presented her work as an independent artist for over 20 years. Her originial plays include: The UnPatriotic Act: Homeland Insecurities, The Values Horror Show, 100 Years of Attitude, Dykenstein, Hamletango, and Hot Tamale, among others. The recipient of numerous fellowships and honors, she has presented her work globally in Argentina, Colombia, Mexico, Spain, India, Ecuador, and Canada.
=530  \\$aAlso available online as streaming video.
=534  \\$pMedia source original:$e1 videocassette of 1 (Mini DV) : sd., col. ; 1/4 in. SP.$mPanasonic DVM60.
=540  \\$aThere are copyright restrictions on this collection. For more information, go to the online version of this video.
=650  \0$aEvangelicalism.
=650  \0$aGender identity$xPolitical aspects.
=650  \0$aGender identity$xReligious aspects.
=650  \0$aIdentity politics.
=653  \\$aPower politics.
=655  \7$aPerformance.$2nyu-hidvl
=655  \7$aSpoken word.$2nyu-hidvl
=655  \7$aReligious parody/satire.$2nyu-hidvl
=700  1\$aCook, Susana.$4cre$4prf
=700  1\$aOquendo, Carmen.$4vdg
=710  2\$aHemispheric Institute of Performance and Politics.$4pro
=710  2\$aHemispheric Institute Digital Video Library.
=711  2\$aHemispheric Institute Encuentro$n(7th :$d2009 :$cBogotá, Colombia).$tStaging citizenship : cultural rights in the Americas.
=830  \0$aHemispheric Institute archive.
=856  40$uhttp://hdl.handle.net/2333.1/5dv41qfs

