=LDR  03508ngm a2200601 a 4500
=001  003475015
=004  003475015
=005  20111014153824.0
=006  m\\\\\\\\c\\\\\\\\
=007  vd\cvaiz|
=007  cr\cna|||m|||a
=007  vd\cvaiz|
=007  cr\|||||||||||
=008  110721e20090826nyu017\\\\\\\\\\\\vleng\d
=024  7\$aHI2010_009_01$2nyu-hidvl
=040  \\$aNNU$beng$cNNU
=041  0\$aeng
=043  \\$an-ms---$an-ust--$an-mx---$an-us---
=079  \\$a(OCoLC)742963800
=245  00$aInterview with Teddy Cruz$h[videorecording].
=246  3\$aTeddy Cruz
=260  \\$c2009 Aug. 26.
=300  \\$3viewing copy.$a1 videodisc of 1 (DVD) (16 min., 46 sec.) :$bsd., col. ;$c4 3/4 in.
=490  1\$aHemispheric Institute featured interviews
=500  \\$aTitle supplied by Hemispheric Institute.
=500  \\$aPart of the Hemispheric Institute Digital Video Library.
=518  \\$aRecorded at the Universidad Nacional, Bogotá, Colombia, on August 26, 2009, as part of the 7th Encuentro of the Hemispheric Institute of Performance and Politics.
=508  \\$aHemispheric Institute of Performance and Politics, producer.
=511  0\$aTeddy Cruz, interviewee ; Diana Taylor, interviewer.
=520  \\$aInterview with Teddy Cruz, conducted by Diana Taylor, during the 7th Encuentro of the Hemispheric Institute of Performance and Politics, held in August of 2009 in Bogotá, Colombia under the title 'Staging Citizenship: Cultural Rights in the Americas.' In this interview, Teddy Cruz talks about his take on how his particular performance-related work makes a political intervention in the public sphere. This interview complements his participation in a round table on Architecture, Geography, and Visuality, presented in this 10-day event, which brought together activism, scholarship, and art around the themes of legacies, memories, struggles, and frontiers of citizenship. Teddy Cruz is an Associate Professor in Public Culture and Urbanism in the Visual Arts Department at University of California. He has been recognized for his urban research of the Tijuana-San Diego border, and for his work on housing and its relationship to an urban policy more inclusive of social and cultural programs for the city.
=530  \\$aAlso available online as streaming video.
=534  \\$pMedia source original:$e1 videocassette of 1 (Mini DV) : sd., col. ; 1/4 in. SP.$mPanasonic DVM60.
=540  \\$aThere are copyright restrictions on this collection. For more information, go to the online version of this video.
=600  10$aCruz, Teddy$vInterviews.
=650  \0$aHispanic Americans.
=650  \0$aForced migration.
=650  \0$aArts.
=650  \0$aSocial integration.
=650  \0$aCultural pluralism$zMexican-American Border Region.
=650  \0$aBorderlands$zMexico.
=650  \0$aBorderlands$zUnited States.
=651  \0$aMexican-American Border Region.
=653  \\$aLatinos
=655  \7$aInterview.$2nyu-hidvl
=700  1\$aCruz, Teddy.$4ive
=700  1\$aTaylor, Diana,$d1950-$4ivr
=710  2\$aHemispheric Institute of Performance and Politics.$4pro
=710  2\$aHemispheric Institute Digital Video Library.
=711  2\$aHemispheric Institute Encuentro$n(7th :$d2009 :$cBogotá, Colombia).$tStaging citizenship : cultural rights in the Americas.
=830  \0$aHemispheric Institute featured interviews.
=856  40$uhttp://hdl.handle.net/2333.1/3ffbg8jn

