=LDR  03502ngm a2200589 a 4500
=001  003475750
=004  003475750
=005  20110725093320.0
=006  m\\\\\\\\c\\\\\\\\
=007  vd\cvaiz|
=007  cr\cna|||m|||a
=007  vd\cvaiz|
=007  cr\|||||||||||
=008  110725e20090828nyu019\\\\\\\\\\\\vlspa\d
=024  7\$aHI2010_012_01$2nyu-hidvl
=040  \\$aNNU$beng$cNNU
=043  \\$as-pe---$as-ag---$as-ck---$an-mx---
=079  \\$a(OCoLC)744712921
=245  00$aInterview with Ileana Diéguez$h[videorecording].
=246  3\$aIleana Diéguez
=260  \\$c2009 Aug. 28.
=300  \\$3viewing copy.$a1 videodisc of 1 (DVD) (18 min., 53 sec.) :$bsd., col. ;$c4 3/4 in.
=490  1\$aHemispheric Institute featured interviews
=546  \\$aIn Spanish.
=500  \\$aTitle supplied by Hemispheric Institute.
=500  \\$aPart of the Hemispheric Institute Digital Video Library.
=518  \\$aRecorded at the Universidad Nacional, Bogotá, Colombia, on August 28, 2009, as part of the 7th Encuentro of the Hemispheric Institute of Performance and Politics.
=508  \\$aHemispheric Institute of Performance and Politics, producer ; Frances Pollitt, videographer.
=511  0\$aIleana Diéguez, interviewee ; Mila Aponte-González, interviewer.
=520  \\$aInterview with Ileana Diéguez, conducted by Mila Aponte-González, during the 7th Encuentro of the Hemispheric Institute of Performance and Politics, held in August of 2009 in Bogotá, Colombia under the title 'Staging Citizenship: Cultural Rights in the Americas.' This 10-day event brought together activism, scholarship, and art around the themes of legacies, memories, struggles, and frontiers of citizenship. In this interview, Ileana Diéguez talks about her take on how her particular performance-related work makes a political intervention in the public sphere. Her book Escenarios liminales (Liminal Stages/Scenarios) is one of the most important publications in Latin America addressing the region's performance practices of recent years. Diéguez’s work discusses theatre and performance art in Peru, Argentina, Colombia and Mexico, analyzing performances that not only break with stage conventions, but that point to new ways of engaging politics.
=530  \\$aAlso available online as streaming video.
=534  \\$pMedia source original:$e1 videocassette of 1 (Mini DV) : sd., col. ; 1/4 in. SP.$mPanasonic DVM60.
=540  \\$aThere are copyright restrictions on this collection. For more information, go to the online version of this video.
=600  10$aDiéguez, Ileana$vInterviews.
=610  20$aGrupo Cultural Yuyachkani.
=650  \0$aPolitics in art.
=650  \0$aPerformance art$zPeru.
=650  \0$aPerformance art$zArgentina.
=650  \0$aPerformance art$zColombia.
=650  \0$aPerformance art$zMexico.
=653  \\$aPolitical action.
=655  \7$aInterview.$2nyu-hidvl
=700  1\$aDiéguez, Ileana.$4ive
=700  1\$aAponte-González, Mila.$4ivr
=700  1\$aPollitt, Frances.$4vdg
=710  2\$aHemispheric Institute of Performance and Politics.$4pro
=710  2\$aHemispheric Institute Digital Video Library.
=711  2\$aHemispheric Institute Encuentro$n(7th :$d2009 :$cBogotá, Colombia).$tStaging citizenship : cultural rights in the Americas.
=830  \0$aHemispheric Institute featured interviews.
=856  40$uhttp://hdl.handle.net/2333.1/q573n73n

