=LDR  04004ngm a2200649 a 4500
=001  003618669
=004  003618669
=005  20120523174722.0
=006  m\\\\\\\\c\\\\\\\\
=007  vd\cvaiz|
=007  cr\cna|||m|||a
=007  cr\|||||||||||
=007  vd\cvaiz|
=008  120521e20090823nyu066\\\\\\\\\\\\vleng\d
=024  7\$aHI2010_041_01$2nyu-hidvl
=024  7\$aHI2010_042_01$2nyu-hidvl
=024  7\$aHI2010.041_01$2nyu-hidvl
=024  7\$aHI2010.042_01$2nyu-hidvl
=040  \\$aNNU$beng$cNNU
=041  0\$aeng
=245  00$aLetters from the dead$h[videorecording] =$bCartas de los muertos /$cHonor Ford-Smith, creator.
=246  31$aCartas de los muertos
=260  \\$c2009 Aug. 23.
=300  \\$3viewing copy.$a2 videodiscs of 2 (DVD) (65 min., 50 sec.: pt.1, 45 min., 50 sec.; pt.2, 20 min.) :$bsd., col. ;$c4 3/4 in.
=490  1\$aHemispheric Institute archive
=546  \\$aIn English.
=500  \\$aTitle supplied by Hemispheric Institute.
=500  \\$aPart of the Hemispheric Institute Digital Video Library.
=518  \\$aRecorded at the Patio Escalado, Ed. Arquitectura, Bogotá, Colombia, on August 23, 2009, as part of the 7th Encuentro of the Hemispheric Institute of Performance and Politics.
=508  \\$aHemispheric Institute of Performance and Politics, producer ; Robert Gonyo, videographer.
=511  0\$aHonor Ford-Smith, performer.
=520  \\$aHonor Ford-Smith’s Letters from the Dead was presented as a part of the 7th Encuentro of the Hemispheric Institute of Performance and Politics, held in August of 2009 in Bogotá, Colombia, under the title 'Staging Citizenship: Cultural Rights in the Americas.' This 10-day event brought together activism, scholarship, and art around the themes of legacies, memories, struggles, and frontiers of citizenship. 'Letters from the Dead' began as a collectively-created image event commemorating the murder of thousands of youth killed in inner city violence in Toronto's Caribbean diaspora. The event comprised a silent funeral procession in the street. Bringing together the messages from the dead and media reports on violence, and the losses of living, the performance traced one woman’s attempt to bury her grandson and convey his demands for justice in the present. Ford-Smith is Assistant Professor in Community and Environmental Arts, at the Faculty of Environmental Studies, York University. She is best known for her work as the founding Artistic Director of the Sistren Theatre Collective in Jamaica. Her publications include 3 Jamaican Plays 1976-1986; Lionheart Gal: Life stories of Jamaican Women (with the Sistren collective); and My Mother’s Last Dance: An anthology of poems.
=530  \\$aAlso available online as streaming video.
=534  \\$pMedia source original:$e2 videocassettes of 2 (Mini DV) : sd., col. ; 1/4 in. SP.$mPanasonic DVM60.
=540  \\$aThere are copyright restrictions on this collection. For more information, go to the online version of this video.
=650  \0$aVictims of violent crimes$xPolitical aspects$vDrama.
=650  \0$aPolitical violence$vDrama.
=650  \0$aRitual$vDrama.
=650  \0$aDeath$vDrama.
=650  \0$aYouth and death$vDrama.
=650  \0$aForced migration$vDrama.
=653  \\$aCaribbean diaspora.
=655  \7$aPerformance.$2nyu-hidvl
=655  \7$aTheater.$2nyu-hidvl
=655  \7$aOral history.$2nyu-hidvl
=700  1\$aFord Smith, Honor.$4cre$4prf
=700  1\$aGonyo, Robert.$4vdg
=710  2\$aHemispheric Institute of Performance and Politics.$4pro
=710  2\$aHemispheric Institute Digital Video Library.
=711  2\$aHemispheric Institute Encuentro$n(7th :$d2009 :$cBogotá, Colombia).$tStaging citizenship : cultural rights in the Americas.
=830  \0$aHemispheric Institute archive.
=856  40$uhttp://hdl.handle.net/2333.1/fxpnvzrd
=853  00$81$apt.
=863  \\$81.1$a1
=863  \\$81.2$a2

