=LDR  04179cgm a2200493 a 4500
=001  003792464
=005  20140421214812.0
=006  m\\\\\\\\z\\\\\\\\
=007  vd\cvaizu
=007  cr\cna|||m|||a
=007  cr\|||||||||||
=008  130812e20090929nyu105\\\\\\\\\\\\vlspa\d
=024  7\$aHI2012_001_01$2nyu-hidvl
=024  7\$aHI2012_002_01$2nyu-hidvl
=040  \\$aNNU$beng$cNNU
=041  0\$aspa$aeng
=043  \\$ancgt---
=245  00$aRegina Galindo's 'Experiences' at the Hemispheric Institute$h[videorecording] =$b'Experiencias' de Regina Galindo en el Instituto Hemisférico /$cHemispheric Institute of Performance and Politics, producer ; Regina José Galindo, creator.
=246  31$a'Experiencias' de Regina Galindo en el Instituto Hemisférico
=260  \\$c2009 Sep. 29.
=300  \\$3viewing copy.$a2 videodiscs of 2 (DVD) (104 min., 57 sec.: pt.1, 58 min., 11 sec.; pt.2, 46 min., 46 sec.) :$bsd., col. ;$c4 3/4 in.
=490  1\$aHemispheric Institute archive
=546  \\$aIncludes Spanish and English.
=500  \\$aTitle supplied by Hemispheric Institute.
=500  \\$aPart of the Hemispheric Institute Digital Video Library.
=518  \\$aRecorded at the Hemispheric Institute in New York City on September 29, 2009.
=511  0\$aRegina José Galindo, speaker ; Marcial Godoy-Anativia, translator.
=520  \\$aThis is a video documentation of Regina José Galindo’s artist talk ‘Experiences,’ presented in the Hemispheric Institute of Performance and Politics. Galindo offered a retrospective of her performance art work, from 1999 to the present, speaking about pieces of art that she links with vital experiences: ‘I have experiences with life’s episodes. I don’t know if these are sad or not. They are simply experiences, and these have shaped me. They have been the fountain of my wisdom, the fountain of what I can speak, of that I know.’ Galindo presents her body as a site of conflict and violence; the painful interventions on her own body are metaphors of different modes of class, gender, and political violence. Her experiences are a source of knowledge and memory, transformed into new images and actions - the basis of what she calls ‘art products.’
=520  \\$aRegina José Galindo was born in Guatemala City. Her work has been included in shows in diverse international venues, such as Venice-Istanbul, Museum of Modern Art, Istanbul; Into Me, Out of Me, P.S.1, New York, and Kunst-Werke Berlin; MASH, Miami; Las Fronteras del Género, Zaragoza, Spain; Estrecho Dudoso, Teorética, Costa Rica; MENS mankind, S.M.A.K., Belgium; Courants Alternatifs, PARVIS, Paris and Bordeaux, France; and Eretica, Palermo, Italy. She has been invited to participate in the Moscu Biennal 2007; I Bienal Arquitectura, Arte Paisaje Islas Canarias in 2006; III Biennale of Tirana, Albania in 2005; Venice Biennal in 2001 and 2005; II Biennal in Prague in 2005; and III Biennal in Lima, Peru in 2002. She won the Golden Lion Award for young artists for her participation in the Venice Biennal in 2005. Part of her work speaks about the history of socio-political violence in her native country of Guatemala; she also addresses economic and political contradictions and inequalities widespread in the Global South.
=530  \\$aAlso available online as streaming video.
=534  \\$pMedia source original:$e2 videocassettes of 2 (Mini DV) : sd., col. ; 1/4 in. SP.$mPanasonic DVM60
=540  \\$aThere are copyright restrictions on this collection. For more information, go to the online version of this video.
=600  10$aGalindo, Regina José,$d1974-
=650  \0$aPerformance artists$zGuatemala.
=650  \0$aPerformance art$xPolitical aspects$zGuatemala.
=651  \0$aGuatemala$xPolitics and government
=655  \7$aLecture.$2nyu-hidvl
=655  \7$aArtist talk.$2nyu-hidvl
=700  1\$aGalindo, Regina José,$d1974-$4cre$4spk
=710  2\$aHemispheric Institute of Performance and Politics.$4pro
=710  2\$aHemispheric Institute Digital Video Library.
=830  \0$aHemispheric Institute archive.
=856  40$uhttp://hdl.handle.net/2333.1/1rn8pmm4

