=LDR  03545ngm a2200541 a 4500
=001  003461027
=004  003461027
=005  20110721154344.0
=006  m\\\\\\\\c\\\\\\\\
=007  vd\cvaiz|
=007  cr\cna|||m|||a
=007  vd\cvaiz|
=007  cr\|||||||||||
=008  110616e20090826nyu019\\\\\\\\\\\\vleng\d
=024  7\$aHI2010_004_01$2nyu-hidvl
=040  \\$aNNU$beng$cNNU
=043  \\$an-us-ca
=079  \\$a(OCoLC)741728664
=245  00$aInterview with Michael John Garcés$h[videorecording].
=246  3\$aMichael John Garcés
=260  \\$c2009 Aug. 26.
=300  \\$3viewing copy.$a1 videodisc of 1 (DVD) (18 min., 5 sec.) :$bsd., col. ;$c4 3/4 in.
=546  \\$aIn English.
=500  \\$aTitle supplied by Hemispheric Institute.
=500  \\$aPart of the Hemispheric Institute Digital Video Library.
=518  \\$aRecorded in Bogotá, Colombia, on August 26, 2009, as part of the 7th Encuentro of the Hemispheric Institute of Performance and Politics.
=508  \\$aHemispheric Institute of Performance and Politics, producer.
=511  0\$aMichael John Garcés, interviewee ; Mila Aponte-González, interviewer.
=520  \\$aInterview with Michael John Garcés, conducted by Mila Aponte-González, during the 7th Encuentro of the Hemispheric Institute of Performance and Politics, held in August of 2009 in Bogotá, Colombia under the title 'Staging Citizenship: Cultural Rights in the Americas.' In this interview, Garcés talks about his take on how his particular performance-related work makes a political intervention in the public sphere. This interview complements Garcés's teach in ' Community Theater: A Conversation about Methodologies,' presented in this 10-day event, which brought together activism, scholarship, and art around the themes of legacies, memories, struggles, and frontiers of citizenship. Garcés is the Artistic Director of Cornerstone Theater Company in Los Angeles. His credits as a director and playwright include The Humana Festival, The Edinburgh Fringe Festival, Yale Repertory Theater, The Cultural Center of the Philippines, New York Theatre Workshop, The Guthrie Theater, The Walker Arts Center, A Contemporary Theater, Ensemble Studio Theater, Woolly Mammoth, Repertorio Español, Puerto Rican Traveling Theatre and many others. He is the recipient of the Princess Grace Statue and the Alan Schneider Director Award.
=530  \\$aAlso available online as streaming video.
=534  \\$pMedia source original:$e1 videocassette of 1 (Mini DV) : sd., col. ; 1/4 in. SP.$mPanasonic DVM60.
=540  \\$aThere are copyright restrictions on this collection. For more information, go to the online version of this video.
=600  10$aGarcés, Michael John$vInterviews.
=610  20$aCornerstone Theater Company.
=650  \0$aHispanic Americans.
=650  \0$aCommunity organization$zCalifornia$zLos Angeles.
=650  \0$aCommunity theater$zCalifornia$zLos Angeles.
=653  \\$aCollaborative creation
=653  \\$aLatinos
=655  \7$aInterview.$2nyu-hidvl
=700  1\$aGarcés, Michael John.$4ive
=700  1\$aAponte-González, Mila.$4ivr
=710  2\$aHemispheric Institute of Performance and Politics.$4pro
=710  2\$aHemispheric Institute Digital Video Library.
=711  2\$aHemispheric Institute Encuentro$n(7th :$d2009 :$cBogotá, Colombia).$tStaging citizenship : cultural rights in the Americas.
=856  40$uhttp://hdl.handle.net/2333.1/4f4qrgrb

