=LDR  03605ngm a2200565 a 4500
=001  003462267
=004  003462267
=005  20110721155030.0
=006  m\\\\\\\\z\\\\\\\\
=007  vd\cvaiz|
=007  cr\cna|||m|||a
=007  vd\cvaiz|
=007  cr\|||||||||||
=008  110620e20090828nyu027\\\\\\\\\\\\vlspa\d
=024  7\$aHI2010_013_01$2nyu-hidvl
=040  \\$aNNU$beng$cNNU
=043  \\$as-ck---
=079  \\$a(OCoLC)741728674
=245  00$aInterview with Santiago García$h[videorecording].
=246  3\$aSantiago García
=260  \\$c2009 Aug. 28.
=300  \\$3viewing copy.$a1 videodisc of 1 (DVD) (26 min., 21 sec.) :$bsd., col. ;$c4 3/4 in.
=490  1\$aHemispheric Institute featured interviews
=546  \\$aIn Spanish.
=500  \\$aTitle supplied by Hemispheric Institute.
=500  \\$aPart of the Hemispheric Institute Digital Video Library.
=518  \\$aRecorded at the Teatro La Candelaria, Bogotá, Colombia, on August 28, 2009, as part of the 7th Encuentro of the Hemispheric Institute of Performance and Politics.
=508  \\$aHemispheric Institute of Performance and Politics, producer ; Rachel Lears, videographer.
=511  0\$aSantiago García, interviewee ; Mila Aponte-González, interviewer.
=520  \\$aInterview with Santiago García, conducted by Mila Aponte-González, during the 7th Encuentro of the Hemispheric Institute of Performance and Politics, held in August of 2009 in Bogotá, Colombia under the title 'Staging Citizenship: Cultural Rights in the Americas.' In this interview, Santiago García talks about his take on how his particular performance-related work makes a political intervention in the public sphere. This interview complements Teatro La Candelaria's performance 'A título personal,' showcased in this 10-day event, which brought together activism, scholarship, and art around the themes of legacies, memories, struggles, and frontiers of citizenship. Directed by Santiago García, Teatro La Candelaria was founded in 1966 by a group of independent artists and intellectuals. Engaged in an ongoing exploration of national folklore, events, and characters, much of their repertoire was created using the 'collective creation' method. La Candelaria also fostered the creation of the Corporación Colombiana de Teatro and has developed a number of theoretical works that reflect upon dramatic creation, its methods and languages.
=530  \\$aAlso available online as streaming video.
=534  \\$pMedia source original:$e1 videocassette of 1 (Mini DV) : sd., col. ; 1/4 in. SP.$mPanasonic DVM60.
=540  \\$aThere are copyright restrictions on this collection. For more information, go to the online version of this video.
=600  10$aGarcía, Santiago$vInterviews.
=651  \0$aCandelaria (Bogotá, Colombia)
=650  \0$aPolitics in art$zColombia.
=651  \0$aColombia$xIntellectual life$y21st century.
=653  \\$aPolitical theater
=653  \\$aCollective creation
=655  \7$aInterview.$2nyu-hidvl
=700  1\$aGarcía, Santiago.$4ive
=700  1\$aAponte-González, Mila.$4ivr
=700  1\$aLears, Rachel.$4vdg
=710  2\$aHemispheric Institute of Performance and Politics.$4pro
=710  2\$aHemispheric Institute Digital Video Library.
=711  2\$aHemispheric Institute Encuentro$n(7th :$d2009 :$cBogotá, Colombia).$tStaging citizenship : cultural rights in the Americas.
=830  \0$aHemispheric Institute featured interviews.
=856  40$uhttp://hdl.handle.net/2333.1/r4xgxf98

