=LDR  04733cgm a2200613 a 4500
=001  003731494
=004  003731494
=005  20130318150017.0
=006  m\\\\\\\\c\\\\\\\\
=007  vd\cvaizu
=007  cr\cna|||m|||a
=007  cr\|||||||||||
=007  vd\cvaizu
=008  130318e20090827ck\009\\\\\\\\\\\\vleng\d
=024  7\$aHI2010_065_01$2nyu-hidvl
=024  7\$aHI2010.065_01$2nyu-hidvl
=040  \\$aNNU$beng$cNNU
=041  0\$aeng$aspa
=079  \\$a(OCoLC)845245115
=245  02$aA lesson in Hemi-Esperanto$h[videorecording] /$cHemispheric Institute of Performance and Politics, producer ; Guillermo Gómez-Peña, creator.
=260  \\$c2009 Aug. 27.
=300  \\$3viewing copy.$a1 videodisc of 1 (DVD) (8 min., 24 sec.) :$bsd., col. ;$c4 3/4 in.
=490  1\$aHemispheric Institute archive
=546  \\$aIncludes English and Spanish.
=500  \\$aTitle supplied by Hemispheric Institute.
=500  \\$aPart of the Hemispheric Institute Digital Video Library.
=518  \\$aPerformed at Mapa Teatro, in Bogotá, Colombia, on August 27, 2009, as part of the 7th Encuentro of the Hemispheric Institute of Performance and Politics.
=508  \\$aCarmen Oquendo, videographer.
=511  1\$aGuillermo Gómez-Peña, performer.
=520  \\$a'A Lesson on Hemi Esperanto' was presented as a part of the 7th Encuentro of the Hemispheric Institute of Performance and Politics, held in August of 2009 in Bogotá, Colombia, under the title 'Staging Citizenship: Cultural Rights in the Americas.' This 10-day event brought together activism, scholarship, and art around the themes of legacies, memories, struggles, and frontiers of citizenship. As a part of the Encuentro, performance artist Susana Cook coordinated a series of late-night performances that were staged in Mapa Teatro’s theater space – an old house where the ruins of the past coexist with the vitality of live performances. Every night, participants presented short, sometimes impromptu, cabaret-style performances, transforming Mapa Teatro into an open site for artistic experimentation and exchange. One of these performances was 'A Lesson on Hemi Esperanto,' a spoken word work that questions and plays with intercultural 'understanding,' ultimately privileging the bilingual audience members able to navigate the multiple layers of mistranslation and double meanings. This video documentation represents a unique opportunity to better understand the transnational-hemispheric perspective promoted by the ‘Encuentros.’
=520  \\$aGuillermo Gómez-Peña is a performance artist/writer and the director of the transnational arts collective La Pocha Nostra. He was born in Mexico City and came to the US in 1978. Since then he has been exploring cross-cultural issues with the use of performance, multilingual poetry, journalism, video, radio, and installation art. His performance work and eight books have contributed to the debates on cultural diversity, identity, and US-Mexico relations. His art work has been presented at over seven hundred venues across the US, Canada, Latin America, Europe, Russia and Australia. He is a MacArthur Fellow, American Book Award winner, and a Senior Fellow of the Hemispheric Institute of Performance and Politics. He is a regular contributor to National Public Radio, a writer for newspapers and magazines in the US, Mexico, and Europe, and a contributing editor to The Drama Review (NYU-MIT).
=530  \\$aAlso available online as streaming video.
=534  \\$pMedia source original:$e1 videocassette of 1 (Mini DV) : sd., col. ; 1/4 in. SP.$mPanasonic DVM60.
=540  \\$aThere are copyright restrictions on this collection. For more information, go to the online version of this video.
=650  \0$aIntercultural communication.
=650  \0$aMultilingual communication.
=650  \0$aMulticulturalism.
=650  \0$aBilingualism$xPolitical aspects.
=650  \0$aIdentity politics.
=650  \0$aPower (Social sciences)
=650  \0$aSociolinguistics.
=653  \\$aCross-cultural perspectives.
=653  \\$aLanguage, power and social process.
=655  \7$aPerformance.$2nyu-hidvl
=655  \7$aSpoken word.$2nyu-hidvl
=700  1\$aGómez-Peña, Guillermo.$4cre$4prf
=700  1\$aOquendo, Carmen.$4vdg
=710  2\$aHemispheric Institute of Performance and Politics.$4pro
=710  2\$aHemispheric Institute Digital Video Library.
=711  2\$aHemispheric Institute Encuentro$n(7th :$d2009 :$cBogotá, Colombia).$tStaging citizenship : cultural rights in the Americas.
=830  \0$aHemispheric Institute archive.
=856  40$uhttp://hdl.handle.net/2333.1/5tb2rd73

