=LDR  03761cgm a2200457 a 4500
=001  003756214
=005  20140421213343.0
=006  m\\\\\\\\c\\\\\\\\
=007  cr\cna|||m|||a
=007  cr\|||||||||||
=008  130605e20090826ck\008\\\\\\\\s\\\vleng\d
=024  7\$aHI2010_067_01$2nyu-hidvl
=040  \\$aNNU$beng$cNNU
=041  0\$aeng$aspa
=043  \\$acl-----
=245  00$aDouble album$h[videorecording] :$btwo simultaneous performances (edited clip).$pGuillermo Gómez-Peña's 10 psychomagical actions against violence /$cHemispheric Institute of Performance and Politics, producer ; Guillermo Gómez-Peña, creator.
=246  30$aGuillermo Gómez-Peña's 10 psychomagical actions against violence
=246  30$a10 psychomagical actions against violence
=246  3\$aTen psychomagical actions against violence
=260  \\$c2009 Aug. 26.
=300  \\$3viewing copy.$a1 streaming video (7 min., 11 sec.) :$bsd., col.
=490  1\$aHemispheric Institute archive
=546  \\$aIncludes English and Spanish.
=500  \\$aTitle supplied by Hemispheric Institute.
=500  \\$aPart of the Hemispheric Institute Digital Video Library.
=518  \\$aPerformed at the Ed. de Artes Plásticas (salons 205 and 207), Universidad Nacional, in Bogotá, Colombia, on August 26, 2009, as part of the 7th Encuentro of the Hemispheric Institute of Performance and Politics.
=508  \\$aChris Tabron, videographer ; Gray Wetzler, editor.
=520  \\$a'Two Simultaneous Performances' was presented as a part of the 7th Encuentro of the Hemispheric Institute of Performance and Politics, held in August of 2009 in Bogotá, Colombia, under the title 'Staging Citizenship: Cultural Rights in the Americas.' This 10-day event brought together activism, scholarship, and art around the themes of legacies, memories, struggles, and frontiers of citizenship. Although their projects emerged from different geographical contexts and different performance languages, Tania Bruguera and Guillermo Gómez-Peña engaged in a 'performatic conversation' whose goal was to 'coexist and co-create a parallel, temporary universe' as 'an act of international reconciliation.' This is a video documentation of Guillermo Gómez Peña’s collaboration for 'Two Simultaneous Performances'. In '10 Psychomagical Actions Against Violence,' Gómez-Peña explored both the legacy of fear of the Other - the criminalization of the brown body inherited by the Bush administration - and the emerging culture of hope, imagination and faith that has developed in response to the former world order. Gómez-Peña is a performance artist/writer and the director of the transnational arts collective La Pocha Nostra. He was born in Mexico City and came to the US in 1978. Since then he has been exploring cross-cultural issues with the use of performance, multilingual poetry, journalism, video, radio, and installation art.
=534  \\$pMedia source original:$e1 videocassette of 1 (Mini DV) : sd., col. ; 1/4 in. SP.$mPanasonic DVM60.
=540  \\$aThere are copyright restrictions on this collection. For more information, go to the online version of this video.
=650  \0$aPerformance art$zLatin America$xPolitical aspects.
=650  \0$aBody art.
=650  \0$aErotica.
=655  \7$aPerformance.$2nyu-hidvl
=700  1\$aGómez-Peña, Guillermo.$4cre
=710  2\$aHemispheric Institute of Performance and Politics.$4pro
=710  2\$aHemispheric Institute Digital Video Library.
=711  2\$aHemispheric Institute Encuentro$n(7th :$d2009 :$cBogotá, Colombia).$tStaging citizenship : cultural rights in the Americas.
=830  \0$aHemispheric Institute archive.
=856  40$uhttp://hdl.handle.net/2333.1/rfj6q6xh

