=LDR  04191ngm a2200517 a 4500
=001  003755972
=005  20140421212711.0
=006  m\\\\\\\\c\\\\\\\\
=007  cr\cna|||m|||a
=007  cr\|||||||||||
=008  130604e20090825ck\016\\\\\\\\s\\\vlspa\d
=024  7\$aHI2010_053_01$2nyu-hidvl
=040  \\$aNNU$beng$cNNU
=041  0\$aspa
=043  \\$an-mx---
=245  02$aAstrid Hadad's Bizarre cabaret (edited clip)$h[videorecording] =$bCabaret bizarro de Astrid Hadad (clip editado) /$cHemispheric Institute of Performance and Politics, producer ; Astrid Hadad, creator.
=246  31$aCabaret bizarro de Astrid Hadad (clip editado)
=246  30$aBizarre cabaret (edited clip)
=260  \\$c2009 Aug. 25.
=300  \\$3viewing copy.$a1 streaming video (15 min., 27 sec.) :$bsd., col.
=490  1\$aHemispheric Institute archive
=546  \\$aIn Spanish.
=500  \\$aTitle supplied by Hemispheric Institute.
=500  \\$aPart of the Hemispheric Institute Digital Video Library.
=518  \\$aPerformed at the Auditorio León de Greiff, in Bogotá, Colombia, on August 25, 2009, as part of the 7th Encuentro of the Hemispheric Institute of Performance and Politics.
=508  \\$aGray Wetzler, Chris Tabron, videographers ; Gray Wetzler, video editor.
=511  0\$aAstrid Hadad, performer.
=520  \\$aMexican performer Astrid Hadad presented 'Astrid Hadad’s Bizarre Cabaret' as a part of the 7th Encuentro of the Hemispheric Institute of Performance and Politics, held in August of 2009 in Bogotá, Colombia, under the title 'Staging Citizenship: Cultural Rights in the Americas.' This 10-day event brought together activism, scholarship, and art around the themes of legacies, memories, struggles, and frontiers of citizenship. Astrid Hadad's 'Bizarre Cabaret' was a performance mixed with a batucada, in the middle of a theatrical scene with a historical cultural background based on the anthropological sciences of different eras. Hadad's shows consist of fast-paced, fragmented, parodic unveilings of traditional Mexican song, dress, dance, and political satire. She incorporates elements from Mexican visual arts, music, and cinema, along with actions and gestures from popular culture. This edited version of her concert offers a closer view of Hadad's amazing versatility, and the multiple layers that coexist in her dialogue with traditional clothes and music styles. Astrid Hadad was born in Chetumal, Quintana Roo, Mexico. She graduated from the Centro Universitario de Teatro after deserting her studies in Political and Social Sciences at the Universidad de México. Hadad uses cabaret and performance to represent social, cultural, and political crisis in Mexico and, in turn, to entertain. Since rejecting institutional support and affiliation early in her career, Hadad has written, produced, managed, and promoted her own work, establishing audiences throughout Mexico, the U.S., Europe, Australia, Canada, and Latin America, gaining reknown for her shows, Heavy Nopal, La Multimamada, La Pecadora, Seducida y Abandonada, and Corazon Sangrante. As an accomplished vocalist, her albums circulate internationally.
=534  \\$pMedia source original:$e1 videocassette of 1 (Mini DV) : sd., col. ; 1/4 in. SP.$mPanasonic DVM60.
=540  \\$aThere are copyright restrictions on this collection. For more information, go to the online version of this video.
=650  \0$aPerformance artists$zMexico.
=650  \0$aMusic$zMexico$xHistory and criticism
=650  \0$aArts, Mexican$vDrama.
=650  \0$aSatire, Mexican.
=650  \0$aRancheras.
=651  \0$aMexico$vDrama.
=655  \7$aConcert.$2nyu-hidvl
=700  1\$aHadad, Astrid.$4cre$4prf
=700  1\$aWetzler, Gray.$4vdg$4flm
=700  1\$aTabron, Chris.$4vdg
=710  2\$aHemispheric Institute of Performance and Politics.$4pro
=710  2\$aHemispheric Institute Digital Video Library.
=711  2\$aHemispheric Institute Encuentro$n(7th :$d2009 :$cBogotá, Colombia).$tStaging citizenship : cultural rights in the Americas.
=830  \0$aHemispheric Institute archive.
=856  40$uhttp://hdl.handle.net/2333.1/np5hqdm2

