=LDR  04356ngm a2200673 a 4500
=001  003617606
=004  003617606
=005  20120523175448.0
=006  m\\\\\\\\c\\\\\\\\
=007  vd\cvaiz|
=007  cr\cna|||m|||a
=007  cr\|||||||||||
=007  vd\cvaiz|
=008  120517e20090827nyu083\\\\\\\\\\\\vleng\d
=024  7\$aHI2010_028_01$2nyu-hidvl
=024  7\$aHI2010_029_01$2nyu-hidvl
=024  7\$aHI2010.028_01$2nyu-hidvl
=024  7\$aHI2010.029_01$2nyu-hidvl
=040  \\$aNNU$beng$cNNU
=041  0\$aeng$aspa
=043  \\$acl-----
=245  00$aAndreas Huyssen's keynote address$h[videorecording] :$bNatural rights, civil rights, and the politics of memory = Derechos naturales, derechos civiles y la política de la memoria.
=246  30$aNatural rights, civil rights, and the politics of memory
=246  31$aDerechos naturales, derechos civiles y la política de la memoria
=260  \\$c2009 Aug. 27.
=300  \\$3viewing copy.$a2 videodiscs of 2 (DVD) (83 min.: pt.1, 47 min. ; pt.2, 36 min.) :$bsd., col. ;$c4 3/4 in.
=490  1\$aHemispheric Institute archive
=546  \\$aIn English; introduction in Spanish.
=500  \\$aTitle supplied by Hemispheric Institute.
=500  \\$aPart of the Hemispheric Institute Digital Video Library.
=518  \\$aRecorded at the Universidad Nacional, Bogotá, Colombia, on August 27, 2009, as part of the 7th Encuentro of the Hemispheric Institute of Performance and Politics.
=508  \\$aHemispheric Institute of Performance and Politics, producer ; Robert Gonyo, Chris Tabron, videographers.
=511  0\$aAndreas Huyssen, speaker ; María Belén Sáez de Ibarra, introducer.
=520  \\$aVideo documentation of Andreas Huyssen’s keynote address, ‘Natural Rights, Civil Rights, and the Politics of Memory,’ presented as a part of the 7th Encuentro of the Hemispheric Institute of Performance and Politics, held in August of 2009 in Bogotá, Colombia, under the title 'Staging Citizenship: Cultural Rights in the Americas.' This 10-day event brought together activism, scholarship, and art around the themes of legacies, memories, struggles, and frontiers of citizenship. With an introduction by María Belén Sáez de Ibarra, Andreas Huyssen’s keynote proposes that human rights and memory discourses must be robustly linked with each other to add a necessary dimension of futurity to memory and of history to human rights politics. This keynote asks to what extent ‘rights of nature’ need to be considered to nurture the sustainability of human rights as social rights. Andreas Huyssen is Villard Professor of German and Comparative Literature at Columbia University. He is founding director of Columbia’s Institute for Comparative Literature and Society (1998-2003). His books include After the Great Divide: Modernism, Mass Culture, Postmodernism (1986), and Present Pasts: Urban Palimpsests and the Politics of Memory (2003). He is the editor, most recently, of Other Cities, Other Worlds: Urban Imaginaries in a Globalizing Age (2008).
=530  \\$aAlso available online as streaming video.
=534  \\$pMedia source original:$e2 videocassettes of 2 (Mini DV) : sd., col. ; 1/4 in. SP.$mPanasonic DVM60.
=540  \\$aThere are copyright restrictions on this collection. For more information, go to the online version of this video.
=650  \0$aSocial rights$zLatin America.
=650  \0$aHuman rights.
=650  \0$aNatural law.
=650  \0$aCollective memory.
=650  \0$aMemory$xSociological aspects.
=650  \0$aMemory$xPolitical aspects.
=655  \7$aKeynote address.$2nyu-hidvl
=655  \0$aFilmed speeches.
=700  1\$aHuyssen, Andreas.$4spk
=700  1\$aSáez de Ibarra, María Belén,$d1970-$eintroducer
=700  1\$aGonyo, Robert.$4vdg
=700  1\$aTabron, Chris.$4vdg
=710  2\$aHemispheric Institute of Performance and Politics.$4pro
=710  2\$aHemispheric Institute Digital Video Library.
=711  2\$aHemispheric Institute Encuentro$n(7th :$d2009 :$cBogotá, Colombia).$tStaging citizenship : cultural rights in the Americas.
=830  \0$aHemispheric Institute archive.
=856  40$uhttp://hdl.handle.net/2333.1/zw3r242r
=853  00$81$apt.
=863  \\$81.1$a1
=863  \\$81.2$a2

