=LDR  03217ngm a2200529   4500
=001  004191273
=005  20160613122505.0
=006  m\\\\\\\\c\\\\\\\\
=007  cr\cna|||m|||a
=007  cr\|||||||||||
=008  150929e20091003nyu074\\\\\\\\s\\\vleng\d
=024  7\$aHI2014_023_01$2nyu-hidvl
=024  7\$aHI2014_024_01$2nyu-hidvl
=040  \\$aNNU$beng$cNNU
=041  0\$aeng
=043  \\$an-us-ny
=245  00$aDeez Nutz$h[videorecording] /$cSacha Jenkins, writer; Tommy Smith, director.
=260  \\$c2009 Oct. 3.
=300  \\$3viewing copy.$astreaming video (73 min., 48 sec.: pt.1: 62 min., 58 sec.; pt.2: 10 min., 50 sec.) :$bsd., col.
=490  1\$aHip Hop Theater Festival
=500  \\$aPart of the Hemispheric Institute Digital Video Library.
=500  \\$aTitle supplied by the Hemispheric Institute.
=511  1\$aThe Beatnutz, performers.
=518  \\$aPerformed at the 66 Wooster Street Ohio Theater, Soho, NYC, on October 3, 2009.
=520  \\$aJerry ‘JuJu’ Tineo and Lester ‘Psycho Les’ Fernandez, better known as the Hip Hop duo The Beat Nutz, are front and center in a play focused on the rich culture of Corona, Queens. Set in the late 1980s, the play is a journey back into the group’s hometown and the people and traditions that would come to influence their powerful brand of music. The play consists of numerous vignettes and live music from the duo that captures their musical chemistry and the undeniable influence of their hometown. Penned by famed music writer Sacha Jenkins, Deez Nutz is an intimate look at the lives and career of one of Hip Hop’s most legendary pairings.
=520  \\$aHip-Hop Theater Festival is dedicated to presenting and showcasing theater written by and about the Hip-Hop generation. Since 2004, its creators have worked with emerging and established artists to develop work that broadens conversations around Hip-Hop on a global scale. Dedicated to inciting dialogue and social change, HHTF recognizes the power of Hip-Hop and the power of theater as a medium. For a culture whose impact can be seen and felt around the globe, Hip-Hop Theater Festival works to shine light on the diversity and innovation within the world of Hip-Hop.
=534  \\$pMedia source original:$e2 videocassettes (Mini DV) : sd., col. ; 1/4 in. SP.$mMaxell DVM60SE
=540  \\$aThere are copyright restrictions on this collection. For more information, go to the online version of this video.
=546  \\$aIn English.
=600  00$aJuju.
=600  00$aPsycho Les.
=610  20$aBeatnuts (Musical group)
=650  \0$aRap (Music)$zNew York (N.Y.)$zQueens.
=650  \0$aHip-hop$xPolitical aspects.
=651  \0$aQueens (New York, N.Y.)
=655  \7$aHip-Hop theater.$2nyu-hidvl
=655  \7$aTheater.$2nyu-hidvl
=655  \7$aPerformance art.$2nyu-hidvl
=700  1\$aJenkins, Sacha.$4aut
=700  1\$aSmith, Tommy,$d1978-$4drt
=700  0\$aJuju.$4prf
=700  0\$aPsycho Les.$4prf
=710  2\$aBeatnuts (Musical group)$4prf
=710  2\$aHemispheric Institute Digital Video Library.
=830  \0$aHip-Hop Theater Festival (Hi-ARTS)
=856  40$uhttp://hdl.handle.net/2333.1/xgxd27j0

