=LDR  03638ngm a2200565 a 4500
=001  003473763
=005  20111014153640.0
=006  m\\\\\\\\c\\\\\\\\
=007  vd\cvaiz|
=007  cr\cna|||m|||a
=007  vd\cvaiz|
=007  cr\|||||||||||
=008  110718e20090823nyu018\\\\\\\\\\\\vlspa\d
=024  7\$aHI2010_006_03$2nyu-hidvl
=024  7\$aHI2010.006_03$2nyu-hidvl
=040  \\$aNNU$beng$cNNU
=079  \\$a(OCoLC)742962078
=245  00$aInterview with Larry La Fountain-Stokes$h[videorecording].
=246  3\$aLarry La Fountain-Stokes
=260  \\$c2009 Aug. 23.
=300  \\$3viewing copy.$a1 videodisc of 1 (DVD) (18 min.) :$bsd., col. ;$c4 3/4 in.
=490  1\$aHemispheric Institute featured interviews
=546  \\$aIn Spanish.
=500  \\$aTitle supplied by Hemispheric Institute.
=500  \\$aPart of the Hemispheric Institute Digital Video Library.
=500  \\$aIncluded on HI2010.006_01 ("Interview with Vivian Martínez Tabares").
=518  \\$aRecorded at the Universidad Nacional, in Bogotá, Colombia, on August 23, 2009, as part of the 7th Encuentro of the Hemispheric Institute of Performance and Politics.
=508  \\$aHemispheric Institute of Performance and Politics, producer ; Rachel Lears, videographer.
=511  0\$aLarry La Fountain-Stokes, interviewee ; Antonio Prieto Stambaugh, interviewer.
=520  \\$aInterview with Larry La Fountain-Stokes, conducted by Antonio Prieto Stambaugh, during the 7th Encuentro of the Hemispheric Institute of Performance and Politics, held in August of 2009 in Bogotá, Colombia under the title 'Staging Citizenship: Cultural Rights in the Americas.' In this interview, Larry La Fountain-Stokes talks about his take on how his particular performance-related work makes a political intervention in the public sphere. This interview complements his participation in a round table on Citizenship and its Frontiers: Multiculturalism, Interculturality, and Migration, presented in this 10-day event, which brought together activism, scholarship, and art around the themes of legacies, memories, struggles, and frontiers of citizenship. La Fountain-Stokes specializes in Latina/o studies; Puerto Rican and Hispanic Caribbean studies; women’s, gender, and sexuality studies; lesbian, gay, and queer studies; and theater and performance. He received his BA from Harvard College (1991) and his MA and PhD from Columbia University (1999).
=530  \\$aAlso available online as streaming video.
=534  \\$pMedia source original:$e1 videocassette of 1 (Mini DV) : sd., col. ; 1/4 in. SP.$mPanasonic DVM60.
=540  \\$aThere are copyright restrictions on this collection. For more information, go to the online version of this video.
=600  10$aLa Fountain-Stokes, Lawrence M.$q(Lawrence Martin),$d1968-$vInterviews.
=650  \0$aForced migration.
=650  \0$aCivil society.
=650  \0$aMulticulturalism.
=650  \0$aGlobalization.
=650  \0$aEthnic relations.
=655  \7$aInterview.$2nyu-hidvl
=700  1\$aLa Fountain-Stokes, Lawrence M.$q(Lawrence Martin),$d1968-$4ive
=700  1\$aPrieto Stambaugh, Antonio.$4ivr
=700  1\$aLears, Rachel.$4vdg
=710  2\$aHemispheric Institute of Performance and Politics.$4pro
=710  2\$aHemispheric Institute Digital Video Library.
=711  2\$aHemispheric Institute Encuentro$n(7th :$d2009 :$cBogotá, Colombia).$tStaging citizenship : cultural rights in the Americas.
=830  \0$aHemispheric Institute featured interviews.
=856  40$uhttp://hdl.handle.net/2333.1/bzkh19k7

