=LDR  04416cgm a2200637 a 4500
=001  003678490
=004  003678490
=005  20130619123837.0
=006  m\\\\\\\\c\\\\\\\\
=007  vd\cvaizu
=007  cr\cna|||m|||a
=007  cr\|||||||||||
=007  vd\cvaizu
=008  121026e20090826ck\016\\\\\\\\\\\\vleng\d
=024  7\$aHI2010_055_01$2nyu-hidvl
=024  7\$aHI2010.055_01$2nyu-hidvl
=040  \\$aNNU$beng$cNNU
=041  0\$aeng
=043  \\$ae------
=245  00$aPhobophilia, arousal from fear (edited clip)$h[videorecording] =$bPhobophilia, excitación a partir del miedo (clip editado) /$cHemispheric Institute of Performance and Politics, producer ; 2boys.tv, creator.
=246  31$aPhobophilia, excitación a partir del miedo (clip editado)
=260  \\$c2009 Aug. 26.
=300  \\$3viewing copy.$a1 videodisc of 1 (DVD) (15 min., 15 sec.) :$bsd., col. ;$c4 3/4 in.
=490  1\$aHemispheric Institute archive
=546  \\$aIn English.
=500  \\$aTitle supplied by Hemispheric Institute.
=500  \\$aPart of the Hemispheric Institute Digital Video Library.
=518  \\$aPerformed at the Ed. León de Greiff, in Bogotá, Colombia, on August 26, 2009, as part of the 7th Encuentro of the Hemispheric Institute of Performance and Politics.
=508  \\$aGray Wetzler, videographer, video editor.
=511  1\$aStephen Lawson, Aaron Pollard, performers.
=520  \\$a'Phobophilia, arousal from fear,' by Stephen Lawson and Aaron Pollard of 2boys.tv, was presented as a part of the 7th Encuentro of the Hemispheric Institute of Performance and Politics, held in August of 2009 in Bogotá, Colombia, under the title 'Staging Citizenship: Cultural Rights in the Americas.' This 10-day event brought together activism, scholarship, and art around the themes of legacies, memories, struggles, and frontiers of citizenship. In this performance, a small number of spectators are blindfolded and led to a secret location to witness a peculiar interrogation. 'Phobophilia' poses the question: What is the role of the poet in an age characterized by fear? This edited version offers additional material that follows the audience's walk towards the performance - a path that leads them to the experience of darkness and fear; a path that perhaps never ends. The performance, inspired by the life and art of Jean Cocteau, explores the relationship between artist and audience, and the negotiations established upon a sensation of fear that can be mesmerizing. This negotation also exists within the artistic practice: the performer's physical body interacts with a video projection of himself - a miniature that is both vulnerable and powerful. 2boys.tv is a transdisciplinary duo from Montreal, Canada composed by Stephen Lawson and Aaron Pollard (also notoriously known in some circles as alter egos Gigi L’Amour and Pipi Douleur). They have created a wide repertoire of epic multimedia cabaret works, performances, videos, and installations.
=530  \\$aAlso available online as streaming video.
=534  \\$pMedia source original:$e1 videocassette of 1 (Mini DV) : sd., col. ; 1/4 in. SP.$mPanasonic DVM60.
=540  \\$aThere are copyright restrictions on this collection. For more information, go to the online version of this video.
=650  \0$aSurrealism.
=610  20$aAbu Ghraib Prison$xIn art.
=650  \0$aAvant-garde (Aesthetics)$zEurope$xHistory$y20th century$xThemes, motives.
=650  \0$aTheater$xPolitical aspects.
=650  \0$aBlindfolds.
=650  \0$aSenses and sensation.
=650  \0$aFear in art.
=650  \0$aTheater audiences$xAttitudes.
=650  \0$aPerforming arts$xPsychological aspects.
=655  \7$aPerformance.$2nyu-hidvl
=655  \7$aVideo/action on art and politics.$2nyu-hidvl
=700  1\$aLawson, Stephen$c(Performer)$4prf
=700  1\$aPollard, Aaron.$4prf
=700  1\$aWetzler, Gray.$4vdg$4flm
=710  2\$a2boys.tv (Performance group)$4cre$4prf
=710  2\$aHemispheric Institute of Performance and Politics.$4pro
=710  2\$aHemispheric Institute Digital Video Library.
=711  2\$aHemispheric Institute Encuentro$n(7th :$d2009 :$cBogotá, Colombia).$tStaging citizenship : cultural rights in the Americas.
=830  \0$aHemispheric Institute archive.
=856  40$uhttp://hdl.handle.net/2333.1/5dv41q5v

