=LDR  04399cgm a2200685 a 4500
=001  003731363
=004  003731363
=005  20130327103504.0
=006  m\\\\\\\\c\\\\\\\\
=007  vd\cvaizu
=007  cr\cna|||m|||a
=007  cr\|||||||||||
=007  vd\cvaizu
=008  130318e20090826ck\006\\\\\\\\\\\\vleng\d
=024  7\$aHI2010_063_01$2nyu-hidvl
=024  7\$aHI2010.063_01$2nyu-hidvl
=040  \\$aNNU$beng$cNNU
=041  0\$aeng
=043  \\$an-us-ny
=079  \\$a(OCoLC)845245054
=245  00$aShowbusiness$h[videorecording] /$cHemispheric Institute of Performance and Politics, producer ; 2boys.tv, creator.
=246  3\$aShow business
=260  \\$c2009 Aug. 26.
=300  \\$3viewing copy.$a1 videodisc of 1 (DVD) (5 min., 23 sec.) :$bsd., col. ;$c4 3/4 in.
=490  1\$aHemispheric Institute archive
=546  \\$aIn English.
=500  \\$aTitle supplied by Hemispheric Institute.
=500  \\$aPart of the Hemispheric Institute Digital Video Library.
=518  \\$aPerformed at Mapa Teatro, in Bogotá, Colombia, on August 26, 2009, as part of the 7th Encuentro of the Hemispheric Institute of Performance and Politics.
=508  \\$aStephen Lawson, Aaron Pollard, creators ; Carmen Oquendo, videographer.
=511  1\$aStephen Lawson, performer.
=520  \\$a'Show Business,' by Stephen Lawson and Aaron Pollard of 2boys.tv, was presented as a part of the 7th Encuentro of the Hemispheric Institute of Performance and Politics, held in August of 2009 in Bogotá, Colombia, under the title 'Staging Citizenship: Cultural Rights in the Americas.' This 10-day event brought together activism, scholarship, and art around the themes of legacies, memories, struggles, and frontiers of citizenship. As a part of the Encuentro, performance artist Susana Cook coordinated a series of late-night performances that were staged in Mapa Teatro’s theater space – an old house where the ruins of the past coexist with the vitality of live performances. Every night, participants presented short, sometimes impromptu, cabaret-style performances, transforming Mapa Teatro into an open site for artistic experimentation and exchange. One of these performances was 'Show Business,' a lip-synch performance, with which 2boys.tv splice together iconic American popular cultural motifs with images generated by the western world’s first great propaganda machine: The Vatican. This collision of Broadway, Hollywood, and Catholicism reveals both the funny and frightening correlations between the church and show business. 2boys.tv is a transdisciplinary duo from Montreal, Canada composed by Stephen Lawson and Aaron Pollard (also notoriously known in some circles as alter egos Gigi L’Amour and Pipi Douleur). They have created a wide repertoire of epic multimedia cabaret works, performances, videos, and installations.
=530  \\$aAlso available online as streaming video.
=534  \\$pMedia source original:$e1 videocassette of 1 (Mini DV) : sd., col. ; 1/4 in. SP.$mPanasonic DVM60.
=540  \\$aThere are copyright restrictions on this collection. For more information, go to the online version of this video.
=650  \0$aTheater$xReligious aspects.
=650  \0$aTheater$xPolitical aspects.
=650  \0$aMass media and propaganda$vDrama.
=650  \0$aArts and religion.
=650  \0$aGender identity$xReligious aspects.
=650  \0$aGender identity$xPolitical aspects.
=650  \0$aGender identity in the theater.
=610  20$aCatholic Church$vDrama.
=610  20$aVatican Palace (Vatican City)$vDrama.
=650  \0$aMusicals$zNew York (State)$zNew York$vDrama.
=653  \\$aClassic Broadway shows.
=655  \7$aPerformance.$2nyu-hidvl
=655  \7$aSolo performance.$2nyu-hidvl
=655  \7$aMultimedia.$2nyu-hidvl
=700  1\$aLawson, Stephen.$4cre$4prf
=700  1\$aPollard, Aaron.$4cre
=700  1\$aOquendo, Carmen.$4vdg
=710  2\$a2boys.tv.$4cre
=710  2\$aHemispheric Institute of Performance and Politics.$4pro
=710  2\$aHemispheric Institute Digital Video Library.
=711  2\$aHemispheric Institute Encuentro$n(7th :$d2009 :$cBogotá, Colombia).$tStaging citizenship : cultural rights in the Americas.
=830  \0$aHemispheric Institute archive.
=856  40$uhttp://hdl.handle.net/2333.1/b5mkkz79

