=LDR  04080cgm a2200541 a 4500
=001  003674828
=005  20130605165650.0
=006  m\\\\\\\\c\\\\\\\\
=007  vd\cvaizu
=007  cr\cna|||m|||a
=007  cr\|||||||||||
=007  vd\cvaizu
=008  121012s2009\\\\bl\022\\\\\\\\\\\\vlpor\d
=024  7\$aHI2011_025_03$2nyu-hidvl
=024  7\$aHI2011.025_02$2nyu-hidvl
=040  \\$aNNU$beng$cNNU
=041  0\$apor$jeng
=043  \\$as-bl---
=245  00$aMuiraquitã$h[videorecording] :$ba cena e as tradições Afro-Ameríndias = the Afro-Amerindian scene and traditions /$cZeca Ligiéro, director and researcher ; Núcleo de Estudos das Perfomances Afro-Ameríndias (NEPAA), producer.
=246  30$aCena e as tradições Afro-Ameríndias
=246  31$aAfro-Amerindian scene and traditions
=260  \\$c2009.
=300  \\$a1 videodisc of 1 (DVD) (21 min., 30 sec.) :$bsd., col. ;$c4 3/4 in.$3viewing copy.
=490  1\$aNEPAA-Núcleo de Estudos das Performances Afro-Ameríndias/Zeca Ligiéro collection
=546  \\$aIn Portuguese with English subtitles.
=500  \\$aTitle supplied by Hemispheric Institute.
=500  \\$aPart of the Hemispheric Institute Digital Video Library.
=500  \\$aIncluded on HI2011.025_01 ("Zé Pelintra's interactive altar").
=518  \\$aFilmed in Soure, Pará, Brasil in 2009.
=508  \\$aMichele Campos de Miranda, Marcelo Gabbay, collaborator/videographers ; Zeca Ligiéro, Yara Ligiero, videographers ; Leo Bremmer, editor.
=520  \\$aMuiraquitã is a lucky amulet, a frog, representing knowledge and fertility in the Amerindian world. It names this project of artistic investigation on the Afro-Amerindian traditions by artist and researcher Zeca Ligiéro. The Muiraquitã project was awarded the Residência Artística 2009 grant by FUNARTE/MINC for the Ponto de Cultura Reconquering Culture, Art and Citizenship of Marajó. The city of Soure is located in the Marajó Island in the State of Pará, on the mouth of the Amazonas River. The video is a documentation of interviews with artists, popular masters, local stories and natural medicines. It also documents performances of typical dances developed by the Grupo de Dança Tradições Marajoara Cruzeirinho, two 'caboclo' rituals, an entity considered of Afro-Amerindian origin typical of the Tambor de Mina - a religion specific to the States of Pará and Maranhão, the Casa de Fulúpa de Cabocla Ita of the Mother of Saint Iya Decy and the Terreiro de Yansã de Nossa Senhora da Conceição de Mãe Fátima. The project was completed in April 2010.
=520  \\$aZeca Ligiéro is currently Associate Professor at the Federal University of Rio de Janeiro State and the curator of Augusto Boal Archive. He coordinates since 1998 the Center for the Study of Afro-Amerindian Performances-NEPAA, which is dedicated to promoting research, dissemination, and exchange with various cultures of African, Indigenous, and other non-hegemonic origin, and to studying their inter-relations within Brazil.
=530  \\$aAlso available online as streaming video.
=534  \\$pMedia source original:$e1 videocassette of 1 (Mini DV) : sd., col. ; 1/4 in. SP.$mSony Premium DVM60-ME.
=540  \\$aThere are copyright restrictions on this collection. For more information, go to the online version of this video.
=650  \0$aIndians of South America$zAmazon River Region$xSocial life and customs.
=650  \0$aArtists$zBrazil$zMarajó Island$vInterviews.
=610  20$aGrupo de Tradições Marajoara Cruzeirinho.
=650  \0$aCaboclos (Brazilian people)
=651  \0$aMarajó Island (Brazil)
=655  \7$aDocumentary.$2nyu-hidvl
=700  1\$aLigiéro, Zeca,$d1950-$4drt$4vdg
=710  2\$aNúcleo de Estudos das Performances Afro-Ameríndias.$4pro
=710  2\$aHemispheric Institute Digital Video Library.
=830  \0$aNEPAA-Núcleo de Estudos das Performances Afro-Ameríndias/Zeca Ligiéro collection.
=856  40$uhttp://hdl.handle.net/2333.1/xwdbrwmv

