=LDR  03775cgm a2200589 a 4500
=001  003745723
=004  003745723
=005  20140421211017.0
=006  m\\\\\\\\z\\\\\\\\
=007  vd\cvaizu
=007  cr\cna|||m|||a
=007  cr\|||||||||||
=007  vd\cvaizu
=008  130501s2009\\\\bl\055\\\\\\\\\\\\vlpor\d
=024  7\$aHI2011_026_01$2nyu-hidvl
=024  7\$aHI2011.026_01$2nyu-hidvl
=040  \\$aNNU$beng$cNNU
=041  0\$apor
=043  \\$as-bl---
=079  \\$a(OCoLC)845246590
=245  00$aO Palhaço Negro$h[videorecording] :$ba História de Benjamin de Oliveira = Black Clown : the story of Benjamin de Oliveira /$cZeca Ligiéro, director and adapter.
=246  31$aBlack Clown :$bthe story of Benjamin de Oliveira
=260  \\$c2009.
=300  \\$a1 videodisc of 1 (DVD) (54 min., 38 sec.) :$bsd., col. ;$c4 3/4 in.$3viewing copy.
=490  1\$aNEPAA-Núcleo de Estudos das Performances Afro-Ameríndias/Zeca Ligiéro collection
=546  \\$aIn Portuguese.
=500  \\$aTitle supplied by Hemispheric Institute.
=500  \\$aPart of the Hemispheric Institute Digital Video Library.
=518  \\$aPerformed in Rio de Janeiro, Brazil, in 2009.
=508  \\$aDenise Zenícola, choreographer ; Zeca Ligiéro, costume designer.
=511  1\$aCátia Costa, Marcos Serra, performers.
=520  \\$aThis play tells the story of the first Brazilian black clown, starting with his childhood during the period of slavery in Brazil, through his running away with the circus. There he trained as a juggler, rope-walker, and acrobat, and became a famous clown. Benjamin brought theater to the circus, and was thus one of the precursors of the Circus-Theater, staging classic works such as José de Alencar and Carlos Gomes' O Guarani, as well as creating his own plays. Zeca Ligiéro's adaptation and staging creates a contemporary performance with a couple of black actors, based on both theater and circus techniques. It also adds to these the storytelling of the ancient African griots, transformed in the New World into storytellers that sometimes brought a story lived by heroes of the past, and sometimes told a fable or ancient myth of the African continent. All of this combined with melodrama, dance, and song.
=520  \\$aZeca Ligiéro is currently Associate Professor at the Federal University of Rio de Janeiro State and the curator of Augusto Boal Archive. He coordinates since 1998 the Center for the Study of Afro-Amerindian Performances-NEPAA, which is dedicated to promoting research, dissemination, and exchange with various cultures of African, Indigenous, and other non-hegemonic origin, and to studying their inter-relations within Brazil.
=530  \\$aAlso available online as streaming video.
=534  \\$pMedia source original:$e1 videocassette of 1 (Mini DV) : sd., col. ; 1/4 in. SP.$mSony Premium DVM60-ME
=540  \\$aThere are copyright restrictions on this collection. For more information, go to the online version of this video.
=600  10$aOliveira, Benjamim de,$d1870-1954.
=650  \0$aTheater and society$zBrazil.
=650  \0$aAfricans$zBrazil.
=650  \0$aClowns$zBrazil.
=650  \0$aCircus performers$zBrazil.
=650  \0$aSlavery$zBrazil.
=650  \0$aCircus$zBrazil$xHistory.
=655  \7$aPerformance.$2nyu-hidvl
=655  \7$aTheater.$2nyu-hidvl
=700  1\$aLigiéro, Zeca,$d1950-$4drt$4adp
=710  2\$aNúcleo de Estudos das Performances Afro-Ameríndias.$4pro
=710  2\$aHemispheric Institute Digital Video Library.
=830  \0$aNEPAA-Núcleo de Estudos das Performances Afro-Ameríndias/Zeca Ligiéro collection.
=856  40$uhttp://hdl.handle.net/2333.1/bcc2fskm

