=LDR  03850cgm a2200481 a 4500
=001  003756103
=005  20140421213315.0
=006  m\\\\\\\\c\\\\\\\\
=007  cr\cna|||m|||a
=007  cr\|||||||||||
=008  130604e20090829ck\008\\\\\\\\s\\\vlspa\d
=024  7\$aHI2010_060_01$2nyu-hidvl
=040  \\$aNNU$beng$cNNU
=041  0\$aspa
=043  \\$as-ck---
=245  00$aMarca y ego, oficios para el cuerpo (clip editado)$h[videorecording] =$bBrand and ego, rites for the body (edited clip) /$cHemispheric Institute of Performance and Politics, producer ; David Lozano, creator.
=246  31$aBrand and ego, rites for the body (edited clip)
=246  3\$a12 physical-rhythmical exercises of the Americas, without weapons
=260  \\$c2009 Aug. 29.
=300  \\$3viewing copy.$a1 streaming video (7 min., 47 sec.) :$bsd., col.
=490  1\$aHemispheric Institute archive
=546  \\$aIn Spanish.
=500  \\$aTitle supplied by Hemispheric Institute.
=500  \\$aPart of the Hemispheric Institute Digital Video Library.
=518  \\$aPerformed at the Universidad Nacional in Bogotá, Colombia, on August 29, 2009, as part of the 7th Encuentro of the Hemispheric Institute of Performance and Politics.
=508  \\$aCarmen Oquendo, videographer ; Gray Wetzler, editor.
=520  \\$aDavid Lozano presented 'Marca y Ego, oficios para el cuerpo' as a part of the 7th Encuentro of the Hemispheric Institute of Performance and Politics, held in August of 2009 in Bogotá, Colombia, under the title 'Staging Citizenship: Cultural Rights in the Americas.' This 10-day event brought together activism, scholarship, and art around the themes of legacies, memories, struggles, and frontiers of citizenship. Lozano’s work investigates how the body is constructed and conceptualized within institutions of state control. The alternate title for this performance, '12 Physical-Rhythmical Exercises of the Americas, without Weapons,' proposes compelling questions about the construction of the physical and the political body, always fluctuating between the individualistic and the social, and resisting or assimilating institutional conventions. The fact that performance was presented at the entrance of the Universidad Nacional de Bogotá also implies a reflection about the autonomy of this institution in relation to other organisms of control. David Lozano is a visual artist with a specialization in painting. He has a Masters degree in Visual and Fine Arts from the Universidad Nacional de Colombia. He teaches at the Pontificia Universidad Javeriana, Unviersidad de los Andes, Santo Tomás de Aquino and the Academy of Superior Arts of Bogotá. Currently he is a teacher and the director of the School of Visual Arts at the Universidad Nacional de Colombia. As an artist, his work has focused on the investigation of the pós-moderno and globalized body.
=534  \\$pMedia source original:$e1 videocassette of 1 (Mini DV) : sd., col. ; 1/4 in. SP.$mPanasonic DVM60.
=540  \\$aThere are copyright restrictions on this collection. For more information, go to the online version of this video.
=650  \0$aSite-specific art$zColombia$zBogotá.
=650  \0$aPolitics and culture.
=650  \0$aAssociations, institutions, etc.$xPolitical aspects.
=650  \0$aAutonomy.
=653  \\$aBody politics.
=653  \\$aEmbodiment.
=655  \7$aPerformance.$2nyu-hidvl
=700  1\$aLozano, David.$4cre
=710  2\$aHemispheric Institute of Performance and Politics.$4pro
=710  2\$aHemispheric Institute Digital Video Library.
=711  2\$aHemispheric Institute Encuentro$n(7th :$d2009 :$cBogotá, Colombia).$tStaging citizenship : cultural rights in the Americas.
=830  \0$aHemispheric Institute archive.
=856  40$uhttp://hdl.handle.net/2333.1/0zpc87vc

