=LDR  03610cgm a2200577 a 4500
=001  003678529
=004  003678529
=005  20121106094940.0
=006  m\\\\\\\\c\\\\\\\\
=007  vd\cvaizu
=007  cr\cna|||m|||a
=007  cr\|||||||||||
=007  vd\cvaizu
=008  121026e20090828ck\034\\\\\\\\\\\\vleng\d
=024  7\$aHI2010_057_01$2nyu-hidvl
=024  7\$aHI2010.057_01$2nyu-hidvl
=040  \\$aNNU$beng$cNNU
=041  0\$aeng$aspa
=043  \\$an-mx---
=245  00$aNK 603$h[videorecording] :$baction for performer & e-corn = acción para performer & e-maíz$cHemispheric Institute of Performance and Politics, producer ; Violeta Luna, creator.
=246  31$aNK 603 :$bacción para performer & e-maíz
=260  \\$c2009 Aug. 28.
=300  \\$3viewing copy.$a1 videodisc of 1 (DVD) (34 min., 2 sec.) :$bsd., col. ;$c4 3/4 in.
=490  1\$aHemispheric Institute archive
=546  \\$aIncludes English and Spanish.
=500  \\$aTitle supplied by Hemispheric Institute.
=500  \\$aPart of the Hemispheric Institute Digital Video Library.
=518  \\$aPerformed at the Auditorio Múltiple, Museo de Arte UN, in Bogotá, Colombia, on August 28, 2009, as part of the 7th Encuentro of the Hemispheric Institute of Performance and Politics.
=508  \\$aGray Wetzler, videographer.
=511  1\$aVioleta Luna, performer.
=520  \\$aMexico’s Violeta Luna presented 'NK 603: Action for Performer & e-Corn' as a part of the 7th Encuentro of the Hemispheric Institute of Performance and Politics, held in August of 2009 in Bogotá, Colombia, under the title 'Staging Citizenship: Cultural Rights in the Americas.' This 10-day event brought together activism, scholarship, and art around the themes of legacies, memories, struggles, and frontiers of citizenship. The performance was a reflection on genetically-modified corn and its disastrous consequences for life—for the original natural species as well as for the communities that have cultivated corn since ancient times, developing entire cultures around it. Luna is an actress and a performance artist. Violeta Luna obtained her graduate degree in Acting from the Centro Universitario de Teatro in Mexico City. Since 1998 she has been an associate artist of La Pocha Nostra under the direction of Guillermo Gómez-Peña. Her current work explores the relationship between theater, performance, and community engagement.
=530  \\$aAlso available online as streaming video.
=534  \\$pMedia source original:$e1 videocassette of 1 (Mini DV) : sd., col. ; 1/4 in. SP.$mPanasonic DVM60.
=540  \\$aThere are copyright restrictions on this collection. For more information, go to the online version of this video.
=650  \0$aCorn$xGenetic engineering$zMexico$vDrama.
=650  \0$aGenitically modified foods$xGovernment policy$zMexico$vDrama.
=650  \0$aFree trade$zMexico$vDrama.
=650  \0$aPerformance art$xPolitical aspects.
=653  \\$aEmbodiment.
=653  \\$aNAFTA.
=655  \7$aPerformance.$2nyu-hidvl
=655  \7$aAcción.$2nyu-hidvl
=700  1\$aLuna, Violeta,$d1943-$4cre$4prf
=700  1\$aWetzler, Gray.$4vdg
=710  2\$aHemispheric Institute of Performance and Politics.$4pro
=710  2\$aHemispheric Institute Digital Video Library.
=711  2\$aHemispheric Institute Encuentro$n(7th :$d2009 :$cBogotá, Colombia).$tStaging citizenship : cultural rights in the Americas.
=830  \0$aHemispheric Institute archive.
=856  40$uhttp://hdl.handle.net/2333.1/1ns1rppm

