=LDR  04663cgm a2200637 a 4500
=001  003742189
=004  003742189
=005  20140421225931.0
=006  m\\\\\\\\z\\\\\\\\
=007  vd\cvaizu
=007  cr\cna|||m|||a
=007  cr\|||||||||||
=007  vd\cvaizu
=008  130418e200901uucau008\\\\\\\\\\\\vlspa\d
=024  7\$aHI2011_003_01$2nyu-hidvl
=024  7\$aHI2011.003_01$2nyu-hidvl
=040  \\$aNNU$beng$cNNU
=041  0\$aspa
=043  \\$an-us---
=079  \\$a(OCoLC)845246169
=245  00$aQuímicos$h[videorecording] =$bChemicals /$cJose Mangandi, producer, director, writer.
=246  31$aChemicals
=260  \\$c2009 Jan.
=300  \\$3viewing copy.$a1 videodisc of 1 (DVD) (7 min., 30 sec.) :$bsd., col. ;$c4 3/4 in.
=490  1\$aTeatro Jornalero collection
=546  \\$aIn Spanish.
=500  \\$aTitle supplied by Hemispheric Institute.
=500  \\$aPart of the Hemispheric Institute Digital Video Library.
=518  \\$aPerformed at the Cornerstone Theater Company in Los Angeles, Calif., USA, in January 2009.
=511  1\$aJuan Herrera, Xicothencalt Paredes, Luis Sanchez, Omar Hernandez, Francisco Lopez, Luis Taveras, performers.
=520  \\$a‘Químicos’ (Chemicals) is a story in three parts. The first part recreates how day laborers are hired on the streets to do dangerous work, where they will use toxic chemicals and will not use proper equipment for protection. The second part describes the dangerous conditions in which day laborers work, and the difficulty they have in seeking professional health physicians when they are ill. The third part reflects upon the health of Hispanic/Latino communities, which are prone to different types of illness and diseases because of the types of food they consume - heavily greased, high in sugar and sodium. This type of nutrition leads to high numbers of Hispanic/Latino having diabetes, high cholesterol, and high blood pressure. The ending of this piece is full of humor but reflexive, and advocates for a proper education and information about these situations to prevent illness and death.
=520  \\$aTeatro Jornalero Sin Fronteras /Day Laborers Theater Without Borders (TJSF) is a Los Angeles-based ensemble theater company comprised of day laborers. Founded in 2008 by Cornerstone Theater Company in conjunction with the National Day Labor Organizing Network, their mission is to improve the lives of day laborers by creating plays by and for the day labor community. Responding to an often degrading and hostile work environment and an increasingly anti-immigrant climate nationally, the troupe uses theater, music, and dialogue to educate and inform immigrant workers about their legal rights; to empower the community by reflecting their stories in their own voices; to humanize the immigration debate for the broader community; and to build a troupe of theater artists that make insightful, entertaining and smart theater for their audiences. Each year TJSF performs in over 50 locations for more than 3,000 day laborers, public school and college students, and diverse organizations, institutions, and agencies. They have received coverage in local, national and international media outlets, including La Opinion, LA Times, BBC World, Christian Science Monitor, and National Public Radio.
=530  \\$aAlso available online as streaming video.
=534  \\$pMedia source original:$e1 videocassette of 1 (Mini DV) : sd., col. ; 1/4 in. SP.$mSony Premium DVM60-ME.
=540  \\$aThere are copyright restrictions on this collection. For more information, go to the online version of this video.
=650  \0$aDay laborers$zUnited States$xSocial conditions.
=650  \0$aWorking poor$xHealth and hygiene.
=650  \0$aForeign workers$xHealth and hygiene$zUnited States.
=650  \0$aLatin Americans$zUnited States$xSocial conditions.
=650  \0$aHealth education$xPolitical aspects.
=650  \0$aHuman beings$xEffect of chemicals on.
=650  \0$aChemicals$xPhysiological effect.
=650  \0$aNutritionally induced diseases.
=650  \0$aMalnutrition.
=651  \0$aUnited States$xEmigration and immigration.
=650  \0$aPreventive health services.
=655  \7$aPerformance.$2nyu-hidvl
=655  \7$aTheater.$2nyu-hidvl
=655  \7$aCommunity theater.$2nyu-hidvl
=700  1\$aMangandi, Jose.$4cre$4pro$4drt
=710  2\$aTeatro Jornalero Sin Fronteras.$4prf
=710  2\$aHemispheric Institute Digital Video Library.
=830  \0$aTeatro Jornalero collection.
=856  40$uhttp://hdl.handle.net/2333.1/8kprr6jf

