=LDR  04989cgm a2200649 a 4500
=001  003742251
=004  003742251
=005  20140421205909.0
=006  m\\\\\\\\z\\\\\\\\
=007  vd\cvaizu
=007  cr\cna|||m|||a
=007  cr\|||||||||||
=007  vd\cvaizu
=008  130418e200901uucau016\\\\\\\\\\\\vlspa\d
=024  7\$aHI2011_005_01$2nyu-hidvl
=024  7\$aHI2011.005_01$2nyu-hidvl
=040  \\$aNNU$beng$cNNU
=041  0\$aspa$jeng
=043  \\$an-us---$an-mx---
=079  \\$a(OCoLC)845246185
=245  00$aCaminos al Paraíso$h[videorecording] =$bPaths to paradise /$cJose Mangandi, producer, director, writer.
=246  31$aPaths to paradise
=260  \\$c2009 Jan.
=300  \\$3viewing copy.$a1 videodisc of 1 (DVD) (15 min., 49 sec.) :$bsd., col. ;$c4 3/4 in.
=490  1\$aTeatro Jornalero collection
=546  \\$aIn Spanish with English subtitles.
=500  \\$aTitle supplied by Hemispheric Institute.
=500  \\$aPart of the Hemispheric Institute Digital Video Library.
=518  \\$aPerformed at the Cornerstone Theater Company in Los Angeles, Calif., USA, in January 2009.
=511  1\$aJuan Romero, Manuel Marquez, Luis Sanchez, Luis Taveras, Francisco Lopez, William Gramajo, Lorena Moran, Sandra Borja, Gil Maldonado, Omar Hernandez, Xicothencalt Paredes, performers.
=520  \\$a‘Caminos al Paraíso’ (Paths to Paradise) is a story in three parts. It narrates all the adrenaline, fear, and insecurities experienced by immigrants when traveling from Mexico to the U.S.A. They are victims of the greed and violence from people who impose undignified and humiliating acts on them. These victimizers are different organized gangs; the ‘coyotes’ who take undocumented emigrants across the U.S.A. border; and the police who make millions off of illegal emigrants. Immigrants lose their dignities as human beings because they are treated like animals and violated by others along the way. Both women and men are abducted, raped, or murdered by criminals to extort their families who live in the United States – and when some immigrants fight for their human rights, they are killed. This piece is a cry for help and solidarity by the Mexicans living in the United States under unfair immigration policies, and a message about the harsh reality implied in the act of crossing borders.
=520  \\$aTeatro Jornalero Sin Fronteras /Day Laborers Theater Without Borders (TJSF) is a Los Angeles-based ensemble theater company comprised of day laborers. Founded in 2008 by Cornerstone Theater Company in conjunction with the National Day Labor Organizing Network, their mission is to improve the lives of day laborers by creating plays by and for the day labor community. Responding to an often degrading and hostile work environment and an increasingly anti-immigrant climate nationally, the troupe uses theater, music, and dialogue to educate and inform immigrant workers about their legal rights; to empower the community by reflecting their stories in their own voices; to humanize the immigration debate for the broader community; and to build a troupe of theater artists that make insightful, entertaining and smart theater for their audiences. Each year TJSF performs in over 50 locations for more than 3,000 day laborers, public school and college students, and diverse organizations, institutions, and agencies. They have received coverage in local, national and international media outlets, including La Opinion, LA Times, BBC World, Christian Science Monitor, and National Public Radio.
=530  \\$aAlso available online as streaming video.
=534  \\$pMedia source original:$e1 videocassette of 1 (Mini DV) : sd., col. ; 1/4 in. SP.$mSony Premium DVM60-ME.
=540  \\$aThere are copyright restrictions on this collection. For more information, go to the online version of this video.
=650  \0$aHuman trafficking victims.
=650  \0$aMexicans$xViolence against.
=650  \0$aEmigration and immigration$xSocial aspects.
=650  \0$aEmigration and immigration$xPolitical aspects.
=650  \0$aHuman rights$zMexican-American Border Region.
=650  \0$aViolence$zMexican-American Border Region.
=650  \0$aImmigrants$zUnited States$xSocial conditions.
=650  \0$aMexicans$zUnited States$xSocial conditions.
=651  \0$aUnited States$xEmigration and immigration$xGovernment policy.
=650  \0$aBorder crossing$zMexico.
=650  \0$aBorder security$zUnited States.
=651  \0$aUnited States$xForeign relations.
=655  \7$aPerformance.$2nyu-hidvl
=655  \7$aTheater.$2nyu-hidvl
=655  \7$aCommunity theater.$2nyu-hidvl
=700  1\$aMangandi, Jose.$4cre$4pro$4drt
=710  2\$aTeatro Jornalero Sin Fronteras.$4prf
=710  2\$aHemispheric Institute Digital Video Library.
=830  \0$aTeatro Jornalero collection.
=856  40$uhttp://hdl.handle.net/2333.1/12jm65h0

