=LDR  04589ngm a2200721 a 4500
=001  003616447
=004  003616447
=005  20120523180232.0
=006  m\\\\\\\\c\\\\\\\\
=007  vd\cvaiz|
=007  cr\cna|||m|||a
=007  cr\|||||||||||
=007  vd\cvaiz|
=007  vd\cvaiz|
=008  120515e20090821nyu058\\\\\\\\\\\\vlspa\d
=024  7\$aHI2010_016_02$2nyu-hidvl
=024  7\$aHI2010_017_01$2nyu-hidvl
=024  7\$aHI2010.016_02$2nyu-hidvl
=024  7\$aHI2010.017_01$2nyu-hidvl
=040  \\$aNNU$beng$cNNU
=041  0\$aspa
=043  \\$as-ck---
=245  00$aJesús Martín Barbero's keynote address$h[videorecording] :$bArtes de la memoria y regímenes de visibilidad = Arts of memory and regimes of visibility.
=246  30$aArtes de la memoria y regímenes de visibilidad
=246  31$aArts of memory and regimes of visibility
=260  \\$c2009 Aug. 21.
=300  \\$3viewing copy.$a2 videodiscs of 2 (DVD) (57 min., 33 sec.: pt.1, 51 min. ; pt.2, 6 min., 33 sec.) :$bsd., col. ;$c4 3/4 in.
=490  1\$aHemispheric Institute archive
=546  \\$aIn Spanish.
=500  \\$aTitle supplied by Hemispheric Institute.
=500  \\$aPart of the Hemispheric Institute Digital Video Library.
=500  \\$aEpisode HI2010.016_02 included on HI2010.016_01 (Part 2 of: "Ximena Castilla's keynote address : La ciudadanía desde el feminismo anarquista").
=518  \\$aRecorded at the Universidad Nacional, Bogotá, Colombia, on August 21, 2009, as part of the 7th Encuentro of the Hemispheric Institute of Performance and Politics.
=508  \\$aHemispheric Institute of Performance and Politics, producer ; Chris Tabron, videographer.
=511  0\$aJesús Martín Barbero, speaker ; Marcial Godoy-Anativia, introducer.
=520  \\$aVideo documentation of Jesús Martín Barbero’s keynote address, ‘Artes de la memoria y regímenes de visibilidad,’ presented as a part of the 7th Encuentro of the Hemispheric Institute of Performance and Politics, held in August of 2009 in Bogotá, Colombia, under the title 'Staging Citizenship: Cultural Rights in the Americas.' This 10-day event brought together activism, scholarship, and art around the themes of legacies, memories, struggles, and frontiers of citizenship. Introduced by Marcial Godoy-Anativia, Jesús Martín Barbero’s discussion addresses the fundamental issue still pending in Colombia – the very special relationship between politics and violence in the fabric of its memories and history. In Colombia, an increasingly broad and dense imagination/social creativity is revealing itself in the strategies of physical and cultural survival practiced by millions of citizens, as well as in the new visual art created by women and the audiovisual and literary narratives of young people, allowing us to see the political magnitude of their arts. Jesús Martín Barbero is a semiologist, anthropologist and philosopher. He is an expert in communications and media who has produced important theoretical synthesis around concepts of post-modernity in Latin America. He is a member of the Scientific Committee of Infoamerica.
=530  \\$aAlso available online as streaming video.
=534  \\$pMedia source original:$e2 videocassettes of 2 (Mini DV) : sd., col. ; 1/4 in. SP.$mPanasonic DVM60.
=540  \\$aThere are copyright restrictions on this collection. For more information, go to the online version of this video.
=650  \0$aPopular culture$xPolitical aspects$zColombia.
=650  \0$aPolitical participation$zColombia.
=650  \0$aIdentity politics$zColombia.
=650  \0$aViolence$zColombia.
=650  \0$aCommunity organization$zColombia.
=650  \0$aArt$xPolitical aspects$zColombia.
=651  \0$aColombia$xPolitics and government.
=655  \7$aKeynote address.$2nyu-hidvl
=655  \0$aFilmed speeches.
=700  1\$aMartín B., Jesús$q(Martín Barbero)$4spk
=700  1\$aGodoy-Anativia, Marcial$eintroducer
=700  1\$aTabron, Chris.$4vdg
=710  2\$aHemispheric Institute of Performance and Politics.$4pro
=710  2\$aHemispheric Institute Digital Video Library.
=711  2\$aHemispheric Institute Encuentro$n(7th :$d2009 :$cBogotá, Colombia).$tStaging citizenship : cultural rights in the Americas.
=830  \0$aHemispheric Institute archive.
=856  40$uhttp://hdl.handle.net/2333.1/mpg4f6gv
=853  00$81$apt.
=863  \\$81.1$a1
=853  00$81$apt.
=863  \\$81.1$a2

