=LDR  03687ngm a2200589 a 4500
=001  003473749
=004  003473749
=005  20110721144819.0
=006  m\\\\\\\\c\\\\\\\\
=007  vd\cvaiz|
=007  cr\cna|||m|||a
=007  vd\cvaiz|
=007  cr\|||||||||||
=008  110718e20090823nyu015\\\\\\\\\\\\vlspa\d
=024  7\$aHI2010_006_01$2nyu-hidvl
=024  7\$aHI2010.006_01$2nyu-hidvl
=040  \\$aNNU$beng$cNNU
=043  \\$anwcu---
=079  \\$a(OCoLC)742962063
=245  00$aInterview with Vivian Martínez Tabares$h[videorecording].
=246  3\$aVivian Martínez Tabares
=260  \\$c2009 Aug. 23.
=300  \\$3viewing copy.$a1 videodisc of 1 (DVD) (15 min.) :$bsd., col. ;$c4 3/4 in.
=490  1\$aHemispheric Institute featured interviews
=546  \\$aIn Spanish.
=500  \\$aTitle supplied by Hemispheric Institute.
=500  \\$aPart of the Hemispheric Institute Digital Video Library.
=500  \\$aAlso contains HI2010.006_02 ("Interview with Alvaro Villalobos") and HI2010.006_03 ("Interview with Larry La Fountain-Stokes").
=518  \\$aRecorded at the Universidad Nacional, in Bogotá, Colombia, on August 23, 2009, as part of the 7th Encuentro of the Hemispheric Institute of Performance and Politics.
=508  \\$aHemispheric Institute of Performance and Politics, producer ; Rachel Lears, videographer.
=511  0\$aVivian Martínez Tabares, interviewee ; Mila Aponte-González, interviewer.
=520  \\$aInterview with Vivian Martínez Tabares, conducted by Mila Aponte-González, during the 7th Encuentro of the Hemispheric Institute of Performance and Politics, held in August of 2009 in Bogotá, Colombia under the title 'Staging Citizenship: Cultural Rights in the Americas.' This 10-day event brought together activism, scholarship, and art around the themes of legacies, memories, struggles, and frontiers of citizenship. In this interview, Vivian Martínez Tabares talks about her take on how her particular performance-related work makes a political intervention in the public sphere. She is a Cuban critic, researcher, editor, and professor, whose work has been compiled in critical anthologies, and she has collaborated in specialized publications in the Americas and Europe. She directs the journal on Latin American Theatre Conjunto, and has recently published a compilation of her reviews in Pensar el teatro en voz alta (To Think on Theatre Aloud). She is presently Cultural Attaché of Cuba in Mexico.
=530  \\$aAlso available online as streaming video.
=534  \\$pMedia source original:$e1 videocassette of 1 (Mini DV) : sd., col. ; 1/4 in. SP.$mPanasonic DVM60.
=540  \\$aThere are copyright restrictions on this collection. For more information, go to the online version of this video.
=600  10$aMartínez Tabares, Vivian,$d1956-$vInterviews.
=650  \0$aForced migration$zCuba.
=650  \0$aIdentity politics$zCuba.
=650  \0$aTheater$zCuba.
=650  \0$aPerforming arts$zCuba.
=651  \0$aCuba$xIntellectual life$y21st century.
=655  \7$aInterview.$2nyu-hidvl
=700  1\$aMartínez Tabares, Vivian,$d1956-$4ive
=700  1\$aAponte-González, Mila.$4ivr
=700  1\$aLears, Rachel.$4vdg
=710  2\$aHemispheric Institute of Performance and Politics.$4pro
=710  2\$aHemispheric Institute Digital Video Library.
=711  2\$aHemispheric Institute Encuentro$n(7th :$d2009 :$cBogotá, Colombia).$tStaging citizenship : cultural rights in the Americas.
=830  \0$aHemispheric Institute featured interviews.
=856  40$uhttp://hdl.handle.net/2333.1/mcvdndsx

