=LDR  03647ngm a2200541 a 4500
=001  003462223
=004  003462223
=005  20110620101403.0
=006  m\\\\\\\\z\\\\\\\\
=007  vd\cvaiz|
=007  cr\cna|||m|||a
=007  vd\cvaiz|
=007  cr\|||||||||||
=008  110620e20090826nyu018\\\\\\\\\\\\vlspa\d
=024  7\$aHI2010_005_01$2nyu-hidvl
=040  \\$aNNU$beng$cNNU
=043  \\$as-ag---
=079  \\$a(OCoLC)741728671
=245  00$aInterview with Alejandro Meitin$h[videorecording].
=246  3\$aAlejandro Meitin
=260  \\$c2009 Aug. 26.
=300  \\$3viewing copy.$a1 videodisc of 1 (DVD) (18 min.) :$bsd., col. ;$c4 3/4 in.
=546  \\$aIn Spanish.
=500  \\$aTitle supplied by Hemispheric Institute.
=500  \\$aPart of the Hemispheric Institute Digital Video Library.
=518  \\$aRecorded in Bogotá, Colombia, on August 26, 2009, as part of the 7th Encuentro of the Hemispheric Institute of Performance and Politics.
=508  \\$aHemispheric Institute of Performance and Politics, producer.
=511  0\$aAlejandro Meitin, interviewee ; Marcela Fuentes, interviewer.
=520  \\$aInterview with Alejandro Meitin, conducted by Marcela Fuentes, during the 7th Encuentro of the Hemispheric Institute of Performance and Politics, held in August of 2009 in Bogotá, Colombia under the title 'Staging Citizenship: Cultural Rights in the Americas.' In this interview, Alejandro Meitin talks his take on how his particular performance-related work makes a political intervention in the public sphere. This interview complements Meitin's keynote 'Artistic Initiatives in Community Organizing, and their Metaphorical and Juridical-Social Dimension,' presented in this 10-day event, which brought together activism, scholarship, and art around the themes of legacies, memories, struggles, and frontiers of citizenship. Alejandro Meitin is an artist, lawyer, environmental activist, and co-founder of the art collective Ala Plástica (1991), which is based in La Plata, Argentina. Since 1994 he has been a member of Arte Litoral, an independent network of artists, critics, curators, and scholars interested in new ways of thinking about contemporary artistic practice and critical theory. Meitin has been involved in researching and developing collaborative artistic practices and has a number of exhibitions, residencies, and publications to his credit. He has also taught courses and given lectures in Latin America, North America, and Europe.
=530  \\$aAlso available online as streaming video.
=534  \\$pMedia source original:$e1 videocassette of 1 (Mini DV) : sd., col. ; 1/4 in. SP.$mPanasonic DVM60.
=540  \\$aThere are copyright restrictions on this collection. For more information, go to the online version of this video.
=600  10$aMeitin, Alejandro$vInterviews.
=650  \0$aPolitical activists$zArgentina.
=650  \0$aCommunity organization$zArgentina.
=650  \0$aCivil rights$zArgentina.
=650  \0$aCultural property$zArgentina.
=651  \0$aArgentina$xIntellectual life$y21st century.
=653  \\$aTransformation of spaces
=655  \7$aInterview.$2nyu-hidvl
=700  1\$aMeitin, Alejandro.$4ive
=700  1\$aFuentes, Marcela.$4ivr
=710  2\$aHemispheric Institute of Performance and Politics.$4pro
=710  2\$aHemispheric Institute Digital Video Library.
=711  2\$aHemispheric Institute Encuentro$n(7th :$d2009 :$cBogotá, Colombia).$tStaging citizenship : cultural rights in the Americas.
=856  40$uhttp://hdl.handle.net/2333.1/0p2ngg76

