=LDR  04387ngm a2200637 a 4500
=001  003617126
=004  003617126
=005  20120523175947.0
=006  m\\\\\\\\c\\\\\\\\
=007  vd\cvaiz|
=007  cr\cna|||m|||a
=007  cr\|||||||||||
=007  vd\cvaiz|
=008  120516e20090823nyu080\\\\\\\\\\\\vlspa\d
=024  7\$aHI2010_020_01$2nyu-hidvl
=024  7\$aHI2010_021_01$2nyu-hidvl
=024  7\$aHI2010.020_01$2nyu-hidvl
=024  7\$aHI2010.021_01$2nyu-hidvl
=040  \\$aNNU$beng$cNNU
=041  0\$aspa
=043  \\$as-ag---
=245  00$aAlejandro Meitin's keynote address$h[videorecording] :$bIniciativas artísticas de gestión comunitaria, y su dimension metafórica y jurídico-social = Artistic Initiatives in Community Organizing, and their Metaphorical and Juridical-Social Dimension
=246  30$aIniciativas artísticas de gestión comunitaria, y su dimension metafórica y jurídico-social
=246  31$aArtistic Initiatives in Community Organizing, and their Metaphorical and Juridical-Social Dimension
=260  \\$c2009 Aug. 23.
=300  \\$3viewing copy.$a2 videodiscs of 2 (DVD) (80 min.: pt.1, 55 min. ; pt.2, 25 min.) :$bsd., col. ;$c4 3/4 in.
=490  1\$aHemispheric Institute archive
=546  \\$aIn Spanish.
=500  \\$aTitle supplied by Hemispheric Institute.
=500  \\$aPart of the Hemispheric Institute Digital Video Library.
=518  \\$aRecorded at the Universidad Nacional, Bogotá, Colombia, on August 23, 2009, as part of the 7th Encuentro of the Hemispheric Institute of Performance and Politics.
=508  \\$aHemispheric Institute of Performance and Politics, producer ; Robert Gonyo, videographer.
=511  0\$aAlejandro Meitin, speaker ; David Lozano, introducer.
=520  \\$aVideo documentation of Alejandro Meitin’s keynote address, ‘Iniciativas artísticas de gestión comunitaria, y su dimension metafórica y jurídico-social,’ presented as a part of the 7th Encuentro of the Hemispheric Institute of Performance and Politics, held in August of 2009 in Bogotá, Colombia, under the title 'Staging Citizenship: Cultural Rights in the Americas.' This 10-day event brought together activism, scholarship, and art around the themes of legacies, memories, struggles, and frontiers of citizenship. With an introduction by David Lozano, Alejandro Meitin’s keynote explores transdisciplinary strategies of critical urbanism that integrate artistic modes of thought and action to create contexts of resistance and transform reality. Alejandro Meitin is an artist, lawyer, environmental activist, and co-founder of the art collective Ala Plástica (1991), which is based in La Plata, Argentina. Since 1994 he has been a member of Arte Litoral, an independent network of artists, critics, curators, and scholars interested in new ways of thinking about contemporary artistic practice and critical theory. Meitin has been involved in researching and developing collaborative artistic practices and has a number of exhibitions, residencies, and publications to his credit. He has also taught courses and given lectures in Latin America, North America, and Europe.
=530  \\$aAlso available online as streaming video.
=534  \\$pMedia source original:$e2 videocassettes of 2 (Mini DV) : sd., col. ; 1/4 in. SP.$mPanasonic DVM60.
=540  \\$aThere are copyright restrictions on this collection. For more information, go to the online version of this video.
=650  \0$aPolitics in art.
=650  \0$aCommunity organization$zArgentina.
=650  \0$aConservation of natural resources$zArgentina$xCitizen participation.
=650  \0$aGlobal environmental change.
=655  \7$aKeynote address.$2nyu-hidvl
=655  \0$aFilmed speeches.
=700  1\$aMeitin, Alejandro.$4spk
=700  1\$aLozano, David,$eintroducer
=700  1\$aGonyo, Robert.$4vdg
=710  2\$aHemispheric Institute of Performance and Politics.$4pro
=710  2\$aHemispheric Institute Digital Video Library.
=711  2\$aHemispheric Institute Encuentro$n(7th :$d2009 :$cBogotá, Colombia).$tStaging citizenship : cultural rights in the Americas.
=830  \0$aHemispheric Institute archive.
=856  40$uhttp://hdl.handle.net/2333.1/c59zw5f5
=853  00$81$apt.
=863  \\$81.1$a1
=863  \\$81.2$a2

