=LDR  03481cgm a2200433 a 4500
=001  003756196
=005  20140421213329.0
=006  m\\\\\\\\c\\\\\\\\
=007  cr\cna|||m|||a
=007  cr\|||||||||||
=008  130605e20090829ck\013\\\\\\\\s\\\vlspa\d
=024  7\$aHI2010_061_01$2nyu-hidvl
=040  \\$aNNU$beng$cNNU
=041  0\$aspa
=043  \\$as-ck---
=245  00$aMonosabio (edited clip)$h[videorecording] /$cHemispheric Institute of Performance and Politics, producer ; Andrés Murillo, creator.
=260  \\$c2009 Aug. 29.
=300  \\$3viewing copy.$a1 streaming video (12 min., 29 sec.) :$bsd., col.
=490  1\$aHemispheric Institute archive
=546  \\$aIn Spanish.
=500  \\$aTitle supplied by Hemispheric Institute.
=500  \\$aPart of the Hemispheric Institute Digital Video Library.
=518  \\$aPerformed at the Plaza de Toros La Santamaría in Bogotá, Colombia, on August 29, 2009, as part of the 7th Encuentro of the Hemispheric Institute of Performance and Politics.
=508  \\$aGray Wetzler, videographer, editor.
=520  \\$aColombia’s Andrés Murillo presented 'Monosabio' as a part of the 7th Encuentro of the Hemispheric Institute of Performance and Politics, held in August of 2009 in Bogotá, Colombia, under the title 'Staging Citizenship: Cultural Rights in the Americas.' This 10-day event brought together activism, scholarship, and art around the themes of legacies, memories, struggles, and frontiers of citizenship. This site-specific project took place at the Santamaría bullring in downtown Bogotá. A bull was drawn on the sand, and then set on fire after nightfall; the silhouette was then erased, but as more attempts were made to erase it, the more visible it became. This performance exposed the vicious circle of the bullfighter assistant, the ‘monosabio,’ which is born and dies in an eternal return. This performance explores the notions of life and death, both contradictory and complementary – the ‘monosabio’ tries to clean the trace of the death, just to set up the stage for more deaths. In doing this action in a space situated in downtown Bogotá, the performance addresses the current violent political situation in Colombia, and questions the problematic and non-natural circle of life and death that this context implies. Andrés Sebastían Murillo Espinosa is an art student at the Universidad Jorge Tadeo Lozano. Since beginning his studies he has developed a rigorous process that involves working with different artistic practices.
=534  \\$pMedia source original:$e1 videocassette of 1 (Mini DV) : sd., col. ; 1/4 in. SP.$mPanasonic DVM60.
=540  \\$aThere are copyright restrictions on this collection. For more information, go to the online version of this video.
=650  \0$aSite-specific art$zColombia$zBogotá.
=650  \0$aPolitical violence$zColombia.
=650  \0$aVictims of violent crimes$zColombia.
=650  \0$aPerformance art$xPolitical aspects.
=655  \7$aPerformance.$2nyu-hidvl
=700  1\$aMurillo, Andrés Sebastían.$4cre
=710  2\$aHemispheric Institute of Performance and Politics.$4pro
=710  2\$aHemispheric Institute Digital Video Library.
=711  2\$aHemispheric Institute Encuentro$n(7th :$d2009 :$cBogotá, Colombia).$tStaging citizenship : cultural rights in the Americas.
=830  \0$aHemispheric Institute archive.
=856  40$uhttp://hdl.handle.net/2333.1/w6m907g7

