=LDR  04483ngm a2200673 a 4500
=001  003617531
=004  003617531
=005  20120523175710.0
=006  m\\\\\\\\c\\\\\\\\
=007  vd\cvaiz|
=007  cr\cna|||m|||a
=007  cr\|||||||||||
=007  vd\cvaiz|
=008  120517e20090826nyu085\\\\\\\\\\\\vlspa\d
=024  7\$aHI2010_026_01$2nyu-hidvl
=024  7\$aHI2010_027_01$2nyu-hidvl
=024  7\$aHI2010.026_01$2nyu-hidvl
=024  7\$aHI2010.027_01$2nyu-hidvl
=040  \\$aNNU$beng$cNNU
=041  0\$aspa$aeng
=245  00$aMary Louise Pratt's keynote address$h[videorecording] :$bLanguage ecology, language politics : towards a geolinguistic imagination = Ecología del lenguaje, política del lenguaje : hacia una imaginación geolingüística.
=246  30$aLanguage ecology, language politics :$btowards a geolinguistic imagination
=246  31$aEcología del lenguaje, política del lenguaje :$bhacia una imaginación geolingüística
=260  \\$c2009 Aug. 26.
=300  \\$3viewing copy.$a2 videodiscs of 2 (DVD) (85 min.: pt.1, 49 min. ; pt.2, 36 min.) :$bsd., col. ;$c4 3/4 in.
=490  1\$aHemispheric Institute archive
=546  \\$aPrimarily in Spanish, with some English.
=500  \\$aTitle supplied by Hemispheric Institute.
=500  \\$aPart of the Hemispheric Institute Digital Video Library.
=518  \\$aRecorded at the Universidad Nacional, Bogotá, Colombia, on August 26, 2009, as part of the 7th Encuentro of the Hemispheric Institute of Performance and Politics.
=508  \\$aHemispheric Institute of Performance and Politics, producer ; Robert Gonyo, videographer.
=511  0\$aMary Louise Pratt, speaker ; Esther Gabara, introducer.
=520  \\$aVideo documentation of Mary Louise Pratt’s keynote address, ‘Language Ecology, Language Politics: Towards a Geolinguistic Imagination,’ presented as a part of the 7th Encuentro of the Hemispheric Institute of Performance and Politics, held in August of 2009 in Bogotá, Colombia, under the title 'Staging Citizenship: Cultural Rights in the Americas.' This 10-day event brought together activism, scholarship, and art around the themes of legacies, memories, struggles, and frontiers of citizenship. With an introduction by Esther Gabara, Mary Louise Pratt’s keynote asks: What will the world look like linguistically a hundred years from now? This lecture discusses some of the processes of linguistic change, including language death, language migration, and the formation of lingua francas and interlanguages. It asks the idea of rights in this context and considers what an ecological approach to language might involve. Mary Louise Pratt is Silver Professor in the Department of Social and Cultural Analysis and the Department of Spanish and Portuguese at New York University, where she teaches Latin American literature and cultural theory. She has published extensively on the subjects of Latin American women's writing; travel literature and imperialism; language and militarization; and modernity and neoliberalism. She has been affiliated with the Hemispheric Institute since 2002.
=530  \\$aAlso available online as streaming video.
=534  \\$pMedia source original:$e2 videocassettes of 2 (Mini DV) : sd., col. ; 1/4 in. SP.$mPanasonic DVM60.
=540  \\$aThere are copyright restrictions on this collection. For more information, go to the online version of this video.
=650  \0$aLinguistic change.
=650  \0$aLinguistic rights.
=650  \0$aLanguage and languages$xVariation.
=650  \0$aLanguage and languages$xPolitical aspects.
=650  \0$aHuman rights.
=650  \0$aMigration, Internal.
=650  \0$aEmigration and immigration.
=650  \0$aImmigrants$xLanguage.
=655  \7$aKeynote address.$2nyu-hidvl
=655  \0$aFilmed speeches.
=700  1\$aPratt, Mary Louise,$d1948-$4spk
=700  1\$aGabara, Esther,$d1972-$eintroducer.
=700  1\$aGonyo, Robert.$4vdg
=710  2\$aHemispheric Institute of Performance and Politics.$4pro
=710  2\$aHemispheric Institute Digital Video Library.
=711  2\$aHemispheric Institute Encuentro$n(7th :$d2009 :$cBogotá, Colombia).$tStaging citizenship : cultural rights in the Americas.
=830  \0$aHemispheric Institute archive.
=856  40$uhttp://hdl.handle.net/2333.1/3n5tb4cf
=853  00$81$apt.
=863  \\$81.1$a1
=863  \\$81.2$a2

