=LDR  03237ngm a2200445   4500
=001  004191286
=005  20160613122554.0
=006  m\\\\\\\\c\\\\\\\\
=007  cr\cna|||m|||a
=007  cr\|||||||||||
=008  150929e20091009nyu074\\\\\\\\s\\\vleng\d
=024  7\$aHI2014_027_01$2nyu-hidvl
=024  7\$aHI2014_028_01$2nyu-hidvl
=040  \\$aNNU$beng$cNNU
=041  0\$aeng
=245  00$aZomo the rabbit$h[videorecording] /$cPsalmayene 24, writer and director.
=246  3\$aHip-hop creation myth
=260  \\$c2009 Oct. 9-10.
=300  \\$3viewing copy.$astreaming video (73 min., 9 sec.: pt.1: 62 min., 30 sec.; pt.2: 10 min., 39 sec.) :$bsd., col.
=490  1\$aHip Hop Theater Festival
=500  \\$aPart of the Hemispheric Institute Digital Video Library.
=500  \\$aTitle supplied by the Hemispheric Institute.
=508  \\$aColin K. Bills, lighting designer; Nikki Cammack, props; Chris Baine, sound engineer.
=518  \\$aPerformed at the 66 Wooster Street Ohio Theater, Soho, NYC, on October 9-10, 2009.
=520  \\$aDerived from African folklore, Zomo the Rabbit is placed in a 21st century context and re-emerges as a trickster - a traditional African archetype - who carries a boom box and spits rap lyrics. After being dissed by some of the other animals saying he doesn’t have talent, Zomo calls the Sky God from his cell phone and asks to be gifted with power. She assigns him three tasks: to retrieve the dance shoes of Big Fish, the spray paint can from Wild Cow, and the turntable from DJ the Leopard. As Zomo embarks on a grand journey he encounters creatures from all over who ultimately help him complete all three tasks and learn a very important lesson. As the journey unfolds, so does the show’s message about friendship, art, and what the truest source of power really is. Tight lyrics and tongue-in-cheek humor make this show enjoyable for children and adults alike.
=520  \\$aHip-Hop Theater Festival is dedicated to presenting and showcasing theater written by and about the Hip-Hop generation. Since 2004, its creators have worked with emerging and established artists to develop work that broadens conversations around Hip-Hop on a global scale. Dedicated to inciting dialogue and social change, HHTF recognizes the power of Hip-Hop and the power of theater as a medium. For a culture whose impact can be seen and felt around the globe, Hip-Hop Theater Festival works to shine light on the diversity and innovation within the world of Hip-Hop.
=534  \\$pMedia source original:$e2 videocassettes (Mini DV) : sd., col. ; 1/4 in. SP.$mSony Premium DVM60-ME
=540  \\$aThere are copyright restrictions on this collection. For more information, go to the online version of this video.
=546  \\$aIn English.
=650  \0$aHip-hop$vDrama.
=650  \0$aFriendship.
=650  \0$aFolk literature, African.
=650  \0$aChildren's theater.
=655  \7$aHip-Hop theater.$2nyu-hidvl
=655  \7$aTheater.$2nyu-hidvl
=700  0\$aPsalmayene 24.$4aut$4drt
=710  2\$aHemispheric Institute Digital Video Library.
=830  \0$aHip-Hop Theater Festival (Hi-ARTS)
=856  40$uhttp://hdl.handle.net/2333.1/612jm8c3

