=LDR  03719ngm a2200529 a 4500
=001  003460805
=004  003460805
=005  20111014152915.0
=006  m\\\\\\\\z\\\\\\\\
=007  vd\cvaiz|
=007  cr\cna|||m|||a
=007  vd\cvaiz|
=007  cr\|||||||||||
=008  110615e20090822nyu014\\\\\\\\\\\\vlspa\d
=024  7\$aHI2010_001_01$2nyu-hidvl
=040  \\$aNNU$beng$cNNU
=043  \\$as-ck---
=079  \\$a(OCoLC)741728661
=245  00$aInterview with Comadre Araña$h[videorecording].
=246  3\$aComadre Araña
=260  \\$c2009 Aug. 22.
=300  \\$3viewing copy.$a1 videodisc of 1 (DVD) (13 min., 33 sec.) :$bsd., col. ;$c4 3/4 in.
=546  \\$aIn Spanish.
=500  \\$aTitle supplied by Hemispheric Institute.
=500  \\$aPart of the Hemispheric Institute Digital Video Library.
=518  \\$aRecorded at the Universidad Nacional, Bogotá, Colombia, on August 22, 2009, as part of the 7th Encuentro of the Hemispheric Institute of Performance and Politics.
=508  \\$aHemispheric Institute of Performance and Politics, producer ; Gray Wetzler, videographer.
=511  0\$aComadre Araña, interviewee ; Michael Birenbaum Quintero, interviewer.
=520  \\$aInterview with Comadre Araña, conducted by Michael Birenbaum Quintero, during the 7th Encuentro of the Hemispheric Institute of Performance and Politics, held in August of 2009 in Bogotá, Colombia under the title 'Staging Citizenship: Cultural Rights in the Americas.' In this interview, the group Comadre Araña talks about how its particular performance-related work makes a political intervention in the public sphere. This interview complements Comadre Araña's concert, showcased in this 10-day event, which brought together activism, scholarship, and art around the themes of legacies, memories, struggles, and frontiers of citizenship. In Comadre Araña, the traditional music of Colombia's Pacific region meets jazz, rock, pop and electronic music. Three female voices intermingle with the rhythm of the bombo, marimba, cununo and guasá, along with electronic instruments such as the Indian sitar, the tiple guitar of the Colombian Andes, loops, samplers and all the resources of live electronic music. Members: Juan Sebastián Monsalve (Director and bass player), Juanita Delgado (voice), Verónica Atehortúa (voice), Urpi Barco Quintana (voice), Andrés Felipe Salazas (drums and percussion), Rocío Medina (marimba de chonta and percussion), Edwin Ospina (electric guitar, percussion), Camilo Velásquez (tiple guitar, electronic programming and guitar).
=530  \\$aAlso available online as streaming video.
=534  \\$pMedia source original:$e1 videocassette of 1 (Mini DV) : sd., col. ; 1/4 in. SP.$mPanasonic DVM60.
=540  \\$aThere are copyright restrictions on this collection. For more information, go to the online version of this video.
=610  20$aComadre Araña (Musical group)$vInterviews.
=650  \0$aFolk music$zColombia$zPacific Coast Region.
=650  \0$aIdentity politics.
=650  \0$aForced migration.
=651  \0$aPacific Coast Region (Colombia)$xPolitics and government.
=655  \7$aInterview.$2nyu-hidvl
=710  2\$aComadre Araña (Musical group)$4ive
=700  1\$aQuintero, Michael Birenbaum.$4ivr
=700  1\$aWetzler, Gray.$4vdg
=710  2\$aHemispheric Institute of Performance and Politics.$4pro
=710  2\$aHemispheric Institute Digital Video Library.
=711  2\$aHemispheric Institute Encuentro$n(7th :$d2009 :$cBogotá, Colombia).$tStaging citizenship : cultural rights in the Americas.
=856  40$uhttp://hdl.handle.net/2333.1/hmgqnmjz

