=LDR  06126cgm a2200661 a 4500
=001  003745620
=004  003745620
=005  20140421210605.0
=006  m\\\\\\\\z\\\\\\\\
=007  vd\cvaizu
=007  cr\cna|||m|||a
=007  cr\|||||||||||
=007  vd\cvaizu
=008  130501e20090829ck\094\\\\\\\\\\\\vleng\d
=024  7\$aHI2011_017_01$2nyu-hidvl
=024  7\$aHI2011_018_01$2nyu-hidvl
=024  7\$aHI2011.017_01$2nyu-hidvl
=024  7\$aHI2011.018_01$2nyu-hidvl
=040  \\$aNNU$beng$cNNU
=041  0\$aeng$aspa
=043  \\$as-ck---
=245  00$aMesa redonda$h[videorecording] :$bartistas de performance = Round table : performance artists /$cHemispheric Institute of Performance and Politics, producer.
=246  31$aRound table :$bperformance artists
=260  \\$c2009 Aug. 29.
=300  \\$3viewing copy.$a2 videodiscs of 2 (DVD) (93 min., 45 sec.: pt.1, 43 min., 45 sec.; pt.2, 50 min.) :$bsd., col. ;$c4 3/4 in.
=546  \\$aIncludes English and Spanish.
=500  \\$aTitle supplied by Hemispheric Institute.
=500  \\$aPart of the Hemispheric Institute Digital Video Library.
=518  \\$aRecorded at the Ed. Posgrados Ciencias Humanas, Universidad Nacional, Bogotá, Colombia, on August 29, 2009.
=508  \\$aRobert Gonyo, videographer.
=511  0\$aMarlène Ramírez-Cancio, moderator ; Wilson Díaz, Rocío Boliver (La Congelada de Uva), Tania Bruguera, Guillermo Gómez-Peña, speakers.
=520  \\$a“Artistas de performance” was a roundtable presented as part of the 7th Encuentro of the Hemispheric Institute of Performance and Politics, held in August of 2009 in Bogotá, Colombia, under the title 'Staging Citizenship: Cultural Rights in the Americas' - a 10-day event that brought together activism, scholarship, and art around the themes of legacies, memories, struggles, and frontiers of citizenship. This roundtable offered an opportunity for discussion with - and between - selected performance artists who presented work at this Encuentro. These artists reflected upon their own process and production, and commented on the relationship of their work to the larger themes of the Encuentro. Wilson Díaz presented a retrospective of his visual arts work, which reveals recent Colombian struggles with violence and drug trafficking. His images related to natural coca leaves contrast with cocaine, its derivative chemical drug that engenders violence. Rocío Boliver performed an act of ventriloquism to make an artist statement, and to share her ideas about fear, pain, and excess as ways to challenge the establishment. Tania Bruguera explained how her ‘behavior art’ functions locally and internationally, and what contradictions are implied when an artwork is transplanted to a different context. Guillermo Gómez-Peña shared the difficulties he has in explaining his work as a performance artist (an often misunderstood practice), and the role of the body in decolonization mechanisms. One of the central points of the following Q&A discussion was Bruguera’s polemic piece, in which she distributed cocaine among audience members inside the Universidad Nacional de Colombia (without the consent of the Encuentro organizers). Part of the audience regretted the fact that her highly controversial performance replicated the circulation of drug money and violence that Colombia is currently suffering.
=520  \\$aThis round table provided a space for discussion and dialogue about the artist’s ethics and responsibility, and the complexities of the relationship between performance and politics. Wilson Díaz is a founding member (1998) of Helena Productions. He has been a professor in the Visual Arts departments at Universidad del Valle (Cali), Conservatorio de Bellas Artes de Cali, and the Universidad de Cauca (Popayán) a various times between 1996 and 2003. Rocío Boliver, La Congelada de Uva, has been active in the art world for the past ten years. She began her career as a performer in 1992 with a reading of her porno-erotic texts, directing her criticism toward the repression of women. Tania Bruguera is a political artist who works primarily in behavior art (arte de conducta). Her work explores the role of the audience in performances and the relationship between ethics and desire. In 2002 she created the Cátedra Arte de Conducta, the first center in Havana dedicated to the study of political art. Guillermo Gómez-Peña is a performance artist/writer and the director of the transnational arts collective La Pocha Nostra. He was born in Mexico City and came to the U.S. in 1978. Since then he has been exploring cross-cultural issues with the use of performance, multilingual poetry, journalism, video, radio, and installation art.
=530  \\$aAlso available online as streaming video.
=534  \\$pMedia source original:$e2 videocassettes of 2 (Mini DV) : sd., col. ; 1/4 in. SP.$mPanasonic DVM60
=540  \\$aThere are copyright restrictions on this collection. For more information, go to the online version of this video.
=650  \0$aArts$xPolitical aspects.
=650  \0$aCreation (Literary, artistic, etc.)$xSocial aspects.
=650  \0$aPolitics in art$xMoral and ethical aspects.
=650  \0$aArts and morals.
=650  \0$aPerformance artists$xResponsibility.
=650  \0$aPolitical violence$zColombia.
=650  \0$aDrug traffic$xPolitical aspects.
=655  \7$aRoundtable discussion.$2nyu-hidvl
=700  1\$aRamírez-Cancio, Marlène.$4mod
=700  1\$aDíaz, Wilson.$4spk
=700  1\$aBoliver, Rocío.$4spk
=700  1\$aBrugueras, Tania.$4spk
=700  1\$aGómez-Peña, Guillermo.$4spk
=710  2\$aHemispheric Institute of Performance and Politics.$4pro
=710  2\$aHemispheric Institute Digital Video Library.
=711  2\$aHemispheric Institute Encuentro$n(7th :$d2009 :$cBogotá, Colombia).$tStaging citizenship : cultural rights in the Americas.
=856  40$uhttp://hdl.handle.net/2333.1/kwh70tpp
=853  00$81$adisc
=863  \\$81.1$a1
=863  \\$81.2$a2

