=LDR  03358ngm a2200565 a 4500
=001  003475752
=004  003475752
=005  20111014154241.0
=006  m\\\\\\\\c\\\\\\\\
=007  vd\cvaiz|
=007  cr\cna|||m|||a
=007  vd\cvaiz|
=007  cr\|||||||||||
=008  110725e20090829nyu020\\\\\\\\\\\\vlspa\d
=024  7\$aHI2010_014_01$2nyu-hidvl
=040  \\$aNNU$beng$cNNU
=079  \\$a(OCoLC)744712925
=245  00$aInterview with Diana Raznovich$h[videorecording].
=246  3\$aDiana Raznovich
=260  \\$c2009 Aug. 29.
=300  \\$3viewing copy.$a1 videodisc of 1 (DVD) (19 min., 36 sec.) :$bsd., col. ;$c4 3/4 in.
=490  1\$aHemispheric Institute featured interviews
=546  \\$aIn Spanish.
=500  \\$aTitle supplied by Hemispheric Institute.
=500  \\$aPart of the Hemispheric Institute Digital Video Library.
=518  \\$aRecorded at the Universidad Nacional, Bogotá, Colombia, on August 29, 2009, as part of the 7th Encuentro of the Hemispheric Institute of Performance and Politics.
=508  \\$aHemispheric Institute of Performance and Politics, producer ; Frances Pollitt, videographer.
=511  0\$aDiana Raznovich, interviewee ; Mila Aponte-González, interviewer.
=520  \\$aInterview with Diana Raznovich, conducted by Mila Aponte-González, during the 7th Encuentro of the Hemispheric Institute of Performance and Politics, held in August of 2009 in Bogotá, Colombia under the title 'Staging Citizenship: Cultural Rights in the Americas.' In this interview, Diana Raznovich talks about her take on how her particular performance-related work makes a political intervention in the public sphere. This interview complements Diana Raznovich's and Margarita Borja’s performance 'La Deuda,' showcased in this 10-day event, which brought together activism, scholarship, and art around the themes of legacies, memories, struggles, and frontiers of citizenship. Diana Raznovich is an Argentinean playwright with a long trajectory and national and international recognition. She is also a cartoonist, and has produced numerous performances and installations with her cartoons. She has been exiled in Spain since 1975.
=530  \\$aAlso available online as streaming video.
=534  \\$pMedia source original:$e1 videocassette of 1 (Mini DV) : sd., col. ; 1/4 in. SP.$mPanasonic DVM60.
=540  \\$aThere are copyright restrictions on this collection. For more information, go to the online version of this video.
=600  10$aRaznovich, Diana$vInterviews.
=650  \0$aPolitics in art.
=650  \0$aWomen.
=650  \0$aForced migration.
=650  \0$aPolitical satire.
=650  \0$aWit and humor$xPolitical aspects.
=653  \\$aPolitical theater
=655  \7$aInterview.$2nyu-hidvl
=700  1\$aRaznovich, Diana.$4ive
=700  1\$aAponte-González, Mila.$4ivr
=700  1\$aPollitt, Frances.$4vdg
=710  2\$aHemispheric Institute of Performance and Politics.$4pro
=710  2\$aHemispheric Institute Digital Video Library.
=711  2\$aHemispheric Institute Encuentro$n(7th :$d2009 :$cBogotá, Colombia).$tStaging citizenship : cultural rights in the Americas.
=830  \0$aHemispheric Institute featured interviews.
=856  40$uhttp://hdl.handle.net/2333.1/kh18949c

