=LDR  04449ngm a2200673 a 4500
=001  003617097
=004  003617097
=005  20120523180054.0
=006  m\\\\\\\\c\\\\\\\\
=007  vd\cvaiz|
=007  cr\cna|||m|||a
=007  cr\|||||||||||
=007  vd\cvaiz|
=008  120516e20090822nyu079\\\\\\\\\\\\vlspa\d
=024  7\$aHI2010_018_01$2nyu-hidvl
=024  7\$aHI2010_019_01$2nyu-hidvl
=024  7\$aHI2010.018_01$2nyu-hidvl
=024  7\$aHI2010.019_01$2nyu-hidvl
=040  \\$aNNU$beng$cNNU
=041  0\$aspa
=043  \\$asn-----$acl-----
=245  00$aSilvia Rivera Cusicanqui's keynote address$h[videorecording] :$bSociología de la imagen : una visión desde la historia andina = Sociology of the image : a view from Andean history
=246  30$aSociología de la imagen :$buna visión desde la historia andina
=246  31$aSociology of the image :$ba view from Andean history
=260  \\$c2009 Aug. 22.
=300  \\$3viewing copy.$a2 videodiscs of 2 (DVD) (79 min.: pt.1, 52 min. ; pt.2, 27 min.) :$bsd., col. ;$c4 3/4 in.
=490  1\$aHemispheric Institute archive
=546  \\$aIn Spanish.
=500  \\$aTitle supplied by Hemispheric Institute.
=500  \\$aPart of the Hemispheric Institute Digital Video Library.
=518  \\$aRecorded at the Universidad Nacional, Bogotá, Colombia, on August 22, 2009, as part of the 7th Encuentro of the Hemispheric Institute of Performance and Politics.
=508  \\$aHemispheric Institute of Performance and Politics, producer ; Robert Gonyo, videographer.
=511  0\$aSilvia Rivera Cusicanqui, speaker ; Fabio López de la Roche, Luisa Piedrahita, introducers.
=520  \\$aVideo documentation of Silvia Rivera Cusicanqui’s keynote address, ‘Sociología de la imagen: Una visión desde la historia andina,’ presented as a part of the 7th Encuentro of the Hemispheric Institute of Performance and Politics, held in August of 2009, in Bogotá, Colombia, under the title 'Staging Citizenship: Cultural Rights in the Americas.' This 10-day event brought together activism, scholarship, and art around the themes of legacies, memories, struggles, and frontiers of citizenship. With an introduction by Fabio López de la Roche (read by Luisa Piedrahita), Silvia Rivera Cuscanqui’s keynote offers a reading of Guamán Poma de Ayala and Melchor María Mercado as theorists of Andean reality in colonial and republican times. Their images constitute a hidden text that reveals aspects not directly addressed in their writings. Building on these reflections, the speaker argues the need to consider non-alphabetic forms of Andean discourse as a path toward understanding colonial and postcolonial experience in the Andes. Silvia Rivera Cusicanqui is a Bolivian sociologist and activist of Aymara descent. In 1983 she joined other indigenous and mestizo intellectuals in founding the Andean Oral History Workshop, an independent group devoted to issues of orality, identity, and popular and indigenous social movements, primarily in the Aymara region.
=530  \\$aAlso available online as streaming video.
=534  \\$pMedia source original:$e2 videocassettes of 2 (Mini DV) : sd., col. ; 1/4 in. SP.$mPanasonic DVM60.
=540  \\$aThere are copyright restrictions on this collection. For more information, go to the online version of this video.
=650  \0$aImperialism$zAndes Region.
=650  \0$aColonization$zAndes Region.
=650  \0$aDecolonization$zAndes Region.
=600  10$aGuamán Poma de Ayala, Felipe,$dfl. 1613.$tPrimer nueva corónica i buen gobierno.
=651  \0$aLatin America$xHistory$xPolitical aspects.
=653  \\$aVisual history.
=655  \7$aKeynote address.$2nyu-hidvl
=655  \0$aFilmed speeches.
=700  1\$aRivera Cusicanqui, Silvia.$4spk
=700  1\$aLópez de la Roche, Fabio$eintroducer
=700  1\$aPiedrahita, Luisa,$eintroducer
=700  1\$aGonyo, Robert.$4vdg
=710  2\$aHemispheric Institute of Performance and Politics.$4pro
=710  2\$aHemispheric Institute Digital Video Library.
=711  2\$aHemispheric Institute Encuentro$n(7th :$d2009 :$cBogotá, Colombia).$tStaging citizenship : cultural rights in the Americas.
=830  \0$aHemispheric Institute archive.
=856  40$uhttp://hdl.handle.net/2333.1/gxd255zh
=853  00$81$apt.
=863  \\$81.1$a1
=863  \\$81.2$a2

