=LDR  03168cgm a2200505 a 4500
=001  003792517
=005  20140421214910.0
=006  m\\\\\\\\z\\\\\\\\
=007  vd\cvaizu
=007  cr\cna|||m|||a
=007  cr\|||||||||||
=008  130812e200907uumx\083\\\\\\\\\\\\vlspa\d
=024  7\$aHI2012_006_01$2nyu-hidvl
=024  7\$aHI2012_007_01$2nyu-hidvl
=040  \\$aNNU$beng$cNNU
=041  0\$aspa
=245  00$aJesusa Rodriguez$h[videorecording] :$bSor Juana's 'First Dream' at FOMMA = 'Primero Sueño' de Sor Juana en FOMMA /$cHemispheric Institute of Performance and Politics, producer ; Jesusa Rodríguez, creator.
=246  31$aJesusa Rodriguez :$b'Primero Sueño' de Sor Juana en FOMMA
=246  30$aSor Juana's 'First Dream' at FOMMA
=246  30$a'Primero Sueño' de Sor Juana en FOMMA
=260  \\$c2009 July.
=300  \\$3viewing copy.$a2 videodiscs of 2 (DVD) (82 min., 42 sec.: pt.1, 59 min., 50 sec.; pt.2, 22 min., 52 sec.) :$bsd., col. ;$c4 3/4 in.
=490  1\$aHemispheric Institute archive
=546  \\$aIn Spanish.
=500  \\$aTitle supplied by Hemispheric Institute.
=500  \\$aPart of the Hemispheric Institute Digital Video Library.
=518  \\$aPerformed at Centro Hemisférico at FOMMA in San Cristóbal de las Casas, Chiapas, Mexico, in July 2009.
=511  1\$aJesusa Rodríguez, performer.
=520  \\$aVideo documentation of Jesusa Rodríguez’ interpretation of Sor Juana Inés de al Cruz’ poem ‘Primero sueño,’ performed at Centro Hemisférico at FOMMA, in the city of San Cristóbal de las Casas, Chiapas. Rodríguez performs excerpts of Sor Juana Inés de la Cruz’ 17th century poem, ‘Primero Sueño,’ which the poet confesses was the only poem she ever wrote for pleasure and for herself. As the performer strips away the levels of the poem, she also strips away her clothes, bringing together words and body. Jesusa Rodríguez is Mexico’s leading cabaret and political performance artist, who ran the famous El Hábito in Mexico City with her wife Liliana Felipe. She is the recipient of an Obie Award and the first artist named Senior Fellow of the Hemispheric Institute of Performance and Politics.
=530  \\$aAlso available online as streaming video.
=534  \\$pMedia source original:$e2 videocassettes of 2 (Mini DV) : sd., col. ; 1/4 in. SP.$mPanasonic DVM60
=540  \\$aThere are copyright restrictions on this collection. For more information, go to the online version of this video.
=600  00$aJuana Inés de la Cruz,$cSister,$d1651-1695.$tPrimero sueño$xCriticism and interpretation.
=650  \0$aPerformance poetry.
=650  \0$aPoetry$y17th century.
=653  \\$aPerformance and politics.
=653  \\$aBody politics.
=655  \7$aPerformance.$2nyu-hidvl
=700  1\$aRodríguez, Jesusa.$4cre$4prf
=700  0\$aJuana Inés de la Cruz,$cSister,$d1651-1695.$tPrimero sueño.
=710  2\$aHemispheric Institute of Performance and Politics.$4pro
=710  2\$aHemispheric Institute Digital Video Library.
=830  \0$aHemispheric Institute archive.
=856  40$uhttp://hdl.handle.net/2333.1/w0vt4dnj

