=LDR  03485ngm a2200541 a 4500
=001  003475748
=004  003475748
=005  20111014153942.0
=006  m\\\\\\\\c\\\\\\\\
=007  vd\cvaiz|
=007  cr\cna|||m|||a
=007  vd\cvaiz|
=007  cr\|||||||||||
=008  110725e20090827nyu026\\\\\\\\\\\\vlpor\d
=024  7\$aHI2010_011_01$2nyu-hidvl
=040  \\$aNNU$beng$cNNU
=079  \\$a(OCoLC)744712918
=245  00$aInterview with Suely Rolnik$h[videorecording].
=246  3\$aSuely Rolnik
=260  \\$c2009 Aug. 27.
=300  \\$3viewing copy.$a1 videodisc of 1 (DVD) (25 min., 3 sec.) :$bsd., col. ;$c4 3/4 in.
=490  1\$aHemispheric Institute featured interviews
=546  \\$aIn Portuguese.
=500  \\$aTitle supplied by Hemispheric Institute.
=500  \\$aPart of the Hemispheric Institute Digital Video Library.
=518  \\$aRecorded at the Universidad Nacional, Bogotá, Colombia, on August 27, 2009, as part of the 7th Encuentro of the Hemispheric Institute of Performance and Politics.
=508  \\$aHemispheric Institute of Performance and Politics, producer ; Frances Pollitt, videographer.
=511  0\$aSuely Rolnik, interviewee ; Pablo Costa, interviewer.
=520  \\$aInterview with Suely Rolnik, conducted by Pablo Costa, during the 7th Encuentro of the Hemispheric Institute of Performance and Politics, held in August of 2009 in Bogotá, Colombia under the title 'Staging Citizenship: Cultural Rights in the Americas.' In this interview, Suely Rolnik talks about her take on how her particular performance-related work makes a political intervention in the public sphere. This interview complements her keynote 'Furor de arquivo,' presented in this 10-day event, which brought together activism, scholarship, and art around the themes of legacies, memories, struggles, and frontiers of citizenship. Rolnik has degrees in Sociology and Philosophy from the Université Paris VIII and a degree in Psychology from the Université Paris VII. Her work is located in a terrain transversalized by philosophy, clinical practice, politics, and aesthetics and takes the form of research, writing, teaching, treatment, and clinical practice strictu senso. She is the author, among other books, of Micropolítica: Cartografías del deseo (in collaboration with Félix Guattari) and she is a researcher with the network Conceptualismos del Sur.
=530  \\$aAlso available online as streaming video.
=534  \\$pMedia source original:$e1 videocassette of 1 (Mini DV) : sd., col. ; 1/4 in. SP.$mPanasonic DVM60.
=540  \\$aThere are copyright restrictions on this collection. For more information, go to the online version of this video.
=600  10$aRolnik, Suely$vInterviews.
=650  \0$aPolitics in art.
=650  \0$aMuseums.
=650  \0$aArt archives$xExhibitions.
=650  \0$aArts and globalization.
=655  \7$aInterview.$2nyu-hidvl
=700  1\$aRolnik, Suely.$4ive
=700  1\$aCosta, Pablo.$4ivr
=700  1\$aPollitt, Frances.$4vdg
=710  2\$aHemispheric Institute of Performance and Politics.$4pro
=710  2\$aHemispheric Institute Digital Video Library.
=711  2\$aHemispheric Institute Encuentro$n(7th :$d2009 :$cBogotá, Colombia).$tStaging citizenship : cultural rights in the Americas.
=830  \0$aHemispheric Institute featured interviews.
=856  40$uhttp://hdl.handle.net/2333.1/tx95x7mr

