=LDR  03984ngm a2200637 a 4500
=001  003617137
=004  003617137
=005  20120523175752.0
=006  m\\\\\\\\c\\\\\\\\
=007  vd\cvaiz|
=007  cr\cna|||m|||a
=007  cr\|||||||||||
=007  vd\cvaiz|
=008  120516e20090825nyu081\\\\\\\\\\\\vlspa\d
=024  7\$aHI2010_024_01$2nyu-hidvl
=024  7\$aHI2010_025_01$2nyu-hidvl
=024  7\$aHI2010.024_01$2nyu-hidvl
=024  7\$aHI2010.025_01$2nyu-hidvl
=040  \\$aNNU$beng$cNNU
=041  0\$aspa
=043  \\$acl-----
=245  00$aSuely Rolnik's keynote address$h[videorecording] :$bFuror de archivo = The furor of the archive
=246  30$aFuror de archivo
=246  31$aFuror of the archive
=260  \\$c2009 Aug. 25.
=300  \\$3viewing copy.$a2 videodiscs of 2 (DVD) (81 min.: pt.1, 47 min. ; pt.2, 34 min.) :$bsd., col. ;$c4 3/4 in.
=490  1\$aHemispheric Institute archive
=546  \\$aIn Spanish.
=500  \\$aTitle supplied by Hemispheric Institute.
=500  \\$aPart of the Hemispheric Institute Digital Video Library.
=518  \\$aRecorded at the Universidad Nacional, Bogotá, Colombia, on August 25, 2009, as part of the 7th Encuentro of the Hemispheric Institute of Performance and Politics.
=508  \\$aHemispheric Institute of Performance and Politics, producer ; Robert Gonyo, videographer.
=511  0\$aSuely Rolnik, speaker ; Francisco Montaña, introducer.
=520  \\$aVideo documentation of Suely Rolnik ‘s keynote address, ‘Furor de archivo,’ presented as a part of the 7th Encuentro of the Hemispheric Institute of Performance and Politics, held in August of 2009 in Bogotá, Colombia, under the title 'Staging Citizenship: Cultural Rights in the Americas.' This 10-day event brought together activism, scholarship, and art around the themes of legacies, memories, struggles, and frontiers of citizenship. With an introduction by Francisco Montaña, Suely Rolnik’s keynote discusses how over the last two decades, a compulsion to archive has seized a large part of the globalized territory of art. Among the privileged objects of analysis are Latin American artistic proposals developed during the 1960s and 70s. What are the politics of desire driving these initiatives and their modes of presentation? Suely Rolnik has degrees in Sociology and Philosophy from the Université Paris VIII and a degree in Psychology from the Université Paris VII. Her work is located in a terrain transversalized by philosophy, clinical practice, politics, and aesthetics and takes the form of research, writing, teaching, treatment, and clinical practice strictu senso. She is the author, among other books, of Micropolítica: Cartografías del deseo (in collaboration with Félix Guattari).
=530  \\$aAlso available online as streaming video.
=534  \\$pMedia source original:$e2 videocassettes of 2 (Mini DV) : sd., col. ; 1/4 in. SP.$mPanasonic DVM60.
=540  \\$aThere are copyright restrictions on this collection. For more information, go to the online version of this video.
=650  \0$aArt archives$xPolitical aspects.
=650  \0$aArt archives$xPhilosophy.
=650  \0$aPolitics in art.
=650  \0$aPerformance art$xPolitical aspects$zLatin America.
=655  \7$aKeynote address.$2nyu-hidvl
=655  \0$aFilmed speeches.
=700  1\$aRolnik, Suely.$4spk
=700  1\$aMontaña, Francisco$eintroducer
=700  1\$aGonyo, Robert.$4vdg
=710  2\$aHemispheric Institute of Performance and Politics.$4pro
=710  2\$aHemispheric Institute Digital Video Library.
=711  2\$aHemispheric Institute Encuentro$n(7th :$d2009 :$cBogotá, Colombia).$tStaging citizenship : cultural rights in the Americas.
=830  \0$aHemispheric Institute archive.
=856  40$uhttp://hdl.handle.net/2333.1/7d7wm4xt
=853  00$81$apt.
=863  \\$81.1$a1
=863  \\$81.2$a2

