=LDR  04338ngm a2200781 a 4500
=001  003617647
=004  003617647
=005  20120523175031.0
=006  m\\\\\\\\c\\\\\\\\
=007  vd\cvaiz|
=007  cr\cna|||m|||a
=007  cr\|||||||||||
=007  vd\cvaiz|
=008  120517e20090821nyu111\\\\\\\\\\\\vlspa\d
=024  7\$aHI2010_030_01$2nyu-hidvl
=024  7\$aHI2010_031_01$2nyu-hidvl
=024  7\$aHI2010_032_01$2nyu-hidvl
=024  7\$aHI2010.030_01$2nyu-hidvl
=024  7\$aHI2010.031_01$2nyu-hidvl
=024  7\$aHI2010.032_01$2nyu-hidvl
=040  \\$aNNU$beng$cNNU
=041  0\$aspa
=043  \\$acl-----$as-pe---
=245  03$aEl último ensayo$h[videorecording] =$bThe final rehearsal /$cGrupo Cultural Yuyachkani, creator ; Miguel Rubio, director.
=246  31$aFinal rehearsal
=260  \\$c2009 Aug. 21.
=300  \\$3viewing copy.$a3 videodiscs of 3 (DVD) (110 min., 38 sec.: pt.1, 59 min., 53 sec.; pt.2, 50 min.; pt.3, 45 sec.) :$bsd., col. ;$c4 3/4 in.
=490  1\$aHemispheric Institute archive
=546  \\$aIn Spanish.
=500  \\$aTitle supplied by Hemispheric Institute.
=500  \\$aPart of the Hemispheric Institute Digital Video Library.
=518  \\$aRecorded at the Auditorio León de Greiff, Bogotá, Colombia, on August 21, 2009, as part of the 7th Encuentro of the Hemispheric Institute of Performance and Politics.
=508  \\$aHemispheric Institute of Performance and Politics, producer ; Gray Wetzler, videographer.
=511  0\$aAna Correa, Amiel Cayo, Augusto Casafranca, Débora Correa, Julián Vargas, Rebeca Ralli, Teresa Ralli, performers.
=520  \\$a'The Final Rehearsal' by Peru’s Grupo Cultural Yuyachkani, was presented as a part of the 7th Encuentro of the Hemispheric Institute of Performance and Politics, held in August of 2009 in Bogotá, Colombia, under the title 'Staging Citizenship: Cultural Rights in the Americas.' This 10-day event brought together activism, scholarship, and art around the themes of legacies, memories, struggles, and frontiers of citizenship. Set in an old theater, which was also once a cinema hall, a group of artists crafted a homage to a legendary diva whose life story parallels the history of twentieth-century Peru. Since 1971, Grupo Cultural Yuyachkani has been working at the forefront of theatrical experimentation, political performance, and collective creation. 'Yuyachkani' is a Quechua word that means 'I am thinking, I am remembering.' Under this name, the theater group has devoted itself to the collective exploration of embodied social memory, particularly in relation to questions of ethnicity, violence, and memory in Peru.
=530  \\$aAlso available online as streaming video.
=534  \\$pMedia source original:$e3 videocassettes of 3 (Mini DV) : sd., col. ; 1/4 in. SP.$mPanasonic DVM60.
=540  \\$aThere are copyright restrictions on this collection. For more information, go to the online version of this video.
=650  \0$aTheater$xPolitical aspects$zLatin America.
=650  \0$aArts and history$zLatin America$y20th century.
=650  \0$aCollective memory in art.
=651  \0$aPeru$xHistory$y20th century$vDrama.
=651  \0$aPeru$xPolitics and government$y20th century$vDrama.
=653  \\$aCollective creation.
=655  \7$aPerformance.$2nyu-hidvl
=655  \7$aCollective creation.$2nyu-hidvl
=655  \7$aTheater.$2nyu-hidvl
=700  1\$aRubio Zapata, Miguel.$4drt
=700  1\$aCorrea, Ana.$4prf
=700  1\$aCayo, Amiel.$4prf
=700  1\$aCasafranca, Augusto.$4prf
=700  1\$aCorrea, Débora.$4prf
=700  1\$aVargas, Julián.$4prf
=700  1\$aRalli, Rebeca.$4prf
=700  1\$aRalli, Teresa.$4prf
=700  1\$aWetzler, Gray.$4vdg
=710  2\$aGrupo Cultural Yuyachkani.$4cre
=710  2\$aHemispheric Institute of Performance and Politics.$4pro
=710  2\$aHemispheric Institute Digital Video Library.
=711  2\$aHemispheric Institute Encuentro$n(7th :$d2009 :$cBogotá, Colombia).$tStaging citizenship : cultural rights in the Americas.
=830  \0$aHemispheric Institute archive.
=856  40$uhttp://hdl.handle.net/2333.1/v6wwq189
=853  00$81$apt.
=863  \\$81.1$a1
=863  \\$81.2$a2
=863  \\$81.3$a3

