=LDR  04745ngm a2200745 a 4500
=001  003618488
=004  003618488
=005  20140601141605.0
=006  m\\\\\\\\c\\\\\\\\
=007  vd\cvaiz|
=007  cr\cna|||m|||a
=007  cr\|||||||||||
=007  vd\cvaiz|
=008  120521e20090822ck\083\\\\\\\\\\\\vlspa\d
=024  7\$aHI2010_034_01$2nyu-hidvl
=024  7\$aHI2010_035_01$2nyu-hidvl
=024  7\$aHI2010.035_01$2nyu-hidvl
=040  \\$aNNU$beng$cNNU
=041  0\$aspa
=043  \\$as-pe---
=079  \\$a(OCoLC)880917735
=245  00$aMemoria$h[videorecording] :$bpresencia y representación (demostración de trabajo) = Memory : presence and representation (work demonstration) /$cGrupo Cultural Yuyachkani, creator ; Miguel Rubio, director.
=246  31$aMemory :$bpresence and representation (work demonstration)
=260  \\$c2009 Aug. 22.
=300  \\$3viewing copy.$a2 videodiscs of 2 (DVD) (82 min., 4 sec.: pt.1, 45 min., 47 sec.; pt.2, 36 min., 17 sec.) :$bsd., col. ;$c4 3/4 in.
=490  1\$aHemispheric Institute archive
=546  \\$aIn Spanish.
=500  \\$aTitle supplied by Hemispheric Institute.
=500  \\$aPart of the Hemispheric Institute Digital Video Library.
=518  \\$aRecorded at the Edificio León de Greiff, Bogotá, Colombia, on August 22, 2009, as part of the 7th Encuentro of the Hemispheric Institute of Performance and Politics.
=508  \\$aHemispheric Institute of Performance and Politics, producer ; Gray Wetzler, videographer.
=511  0\$aAna Correa, Amiel Cayo, Augusto Casafranca, Débora Correa, Julián Vargas, Rebeca Ralli, Teresa Ralli, performers.
=520  \\$a'Memory: Presence and Representation' was a work demonstration presented by Peru’s Grupo Cultural Yuyachkani, as a part of the 7th Encuentro of the Hemispheric Institute of Performance and Politics, held in August of 2009 in Bogotá, Colombia, under the title 'Staging Citizenship: Cultural Rights in the Americas.' This 10-day event brought together activism, scholarship, and art around the themes of legacies, memories, struggles, and frontiers of citizenship. In this work demonstration, the members of the collective share their processes of creation with an audience that performs as a witness of the group's own history. Througout this performance composition method demonstration, there is an exploration of various stages of this collective's past performances; in doing this, the performers are engendering a new moment in the development of the group's proposals. Past, present, and future converge in the performers's bodies - a corporeality that mirrors the past and possibilites of Peruvian history, and stages a rehearsal of the future. Since 1971, Grupo Cultural Yuyachkani has been working at the forefront of theatrical experimentation, political performance, and collective creation. 'Yuyachkani' is a Quechua word that means 'I am thinking, I am remembering.' Under this name, the theater group has devoted itself to the collective exploration of embodied social memory, particularly in relation to questions of ethnicity, violence, and memory in Peru.
=530  \\$aAlso available online as streaming video.
=534  \\$pMedia source original:$e2 videocassettes of 2 (Mini DV) : sd., col. ; 1/4 in. SP.$mPanasonic DVM60.
=540  \\$aThere are copyright restrictions on this collection. For more information, go to the online version of this video.
=610  20$aGrupo Cultural Yuyachkani.
=650  \0$aTheater$xMethodology.
=650  \0$aCollective memory in art.
=651  \0$aPeru$xHistory$vDrama.
=651  \0$aPeru$xPolitics and government$xHistory$vDrama.
=653  \\$aCollective creation.
=653  \\$aCorporealities.
=653  \\$aEmbodiment.
=655  \7$aPerformance.$2nyu-hidvl
=655  \7$aPerformance composition method demonstration.$2nyu-hidvl
=700  1\$aRubio Zapata, Miguel.$4drt
=700  1\$aCorrea, Ana.$4prf
=700  1\$aCayo, Amiel.$4prf
=700  1\$aCasafranca, Augusto.$4prf
=700  1\$aCorrea, Débora.$4prf
=700  1\$aVargas, Julián.$4prf
=700  1\$aRalli, Rebeca.$4prf
=700  1\$aRalli, Teresa.$4prf
=700  1\$aWetzler, Gray.$4vdg
=710  2\$aGrupo Cultural Yuyachkani.$4cre
=710  2\$aHemispheric Institute of Performance and Politics.$4pro
=710  2\$aHemispheric Institute Digital Video Library.
=711  2\$aHemispheric Institute Encuentro$n(7th :$d2009 :$cBogotá, Colombia).$tStaging Citizenship: Cultural Rights in the Americas.
=830  \0$aHemispheric Institute archive.
=856  40$uhttp://hdl.handle.net/2333.1/08kprtkx
=853  00$81$apt.
=863  \\$81.1$a2

