=LDR  04042ngm a2200589 a 4500
=001  003755922
=005  20140421212650.0
=006  m\\\\\\\\c\\\\\\\\
=007  cr\cna|||m|||a
=007  cr\|||||||||||
=008  130603e20090823ck\012\\\\\\\\s\\\vleng\d
=024  7\$aHI2010_045_01$2nyu-hidvl
=040  \\$aNNU$beng$cNNU
=041  0\$aeng$aspa
=043  \\$an-us---
=245  00$aUniverses concert$h[videorecording] :$blive from the edge (fragments) = Concierto Universes : en vivo desde el límite (fragmentos) /$cHemispheric Institute of Performance and Politics, producer ; Universes, creator.
=246  31$aConcierto Universes :$ben vivo desde el límite (fragmentos)
=260  \\$c2009 Aug. 23.
=300  \\$3viewing copy.$a1 streaming video (11 min., 47 sec.) :$bsd., col.
=490  1\$aHemispheric Institute archive
=546  \\$aIncludes English and Spanish.
=500  \\$aTitle supplied by Hemispheric Institute.
=500  \\$aPart of the Hemispheric Institute Digital Video Library.
=518  \\$aPerformed at the Auditorio León de Greiff, in Bogotá, Colombia, on August 23, 2009, as part of the 7th Encuentro of the Hemispheric Institute of Performance and Politics.
=508  \\$aGray Wetzler, Chris Tabron, videographers ; Gray Wetzler, video editor.
=511  0\$aSteven Sapp, Mildred Ruiz, Gamal Abdel Chasten, William Ruiz (a.k.a., Ninja), performers.
=520  \\$aUniverses presented 'Live form the Edge' as a part of the 7th Encuentro of the Hemispheric Institute of Performance and Politics, held in August of 2009 in Bogotá, Colombia, under the title 'Staging Citizenship: Cultural Rights in the Americas.' This 10-day event brought together activism, scholarship, and art around the themes of legacies, memories, struggles, and frontiers of citizenship. 'Live from the Edge' was an evening that showcased the ensemble’s special brand of fusion theater in a 'best of' event that tracks the evolution of their poetic language from childhood rhymes and community rituals to poetry and theater, hip-hop and gospel. Redefining what theater is and who it speaks to, 'Live from the Edge' was a unique performance event that turned the poem into a communal act. This edited version offers a closer view of the ensemble, and how their bodies and facial expressions are also a vital part of their multi-artistic proposal. Universes is a poetic theater ensemble of multi-disciplined writers and performers who fuse poetry, theater, jazz, hip-hop, politics, down home blues and Latin American boleros, to create moving, challenging and entertaining theatrical works. Its members include Steven Sapp, Mildred Ruiz, Gamal Abdel Chasten and Ninja.
=534  \\$pMedia source original:$e1 videocassette of 1 (Mini DV) : sd., col. ; 1/4 in. SP.$mPanasonic DVM60.
=540  \\$aThere are copyright restrictions on this collection. For more information, go to the online version of this video.
=650  \0$aPerformance poetry$zUnited States.
=650  \0$aHip-hop$zUnited States$vPoetry.
=650  \0$aIdentity politics$vDrama.
=650  \0$aRace in literature.
=650  \0$aRace relations$zUnited States$vDrama.
=650  \0$aPoetry$xPolitical aspects.
=650  \0$aEnglish language$xPolitical aspects
=650  \0$aPolitical poetry.
=650  \0$aLanguage and culture.
=655  \7$aConcert.$2nyu-hidvl
=700  1\$aSapp, Steven.$4prf
=700  1\$aRuiz, Mildred.$4prf
=700  1\$aChasten, Gamal A.$4prf
=700  1\$aRuiz, William.$4prf
=700  1\$aWetzler, Gray.$4vdg$4flm
=700  1\$aTabron, Chris.$4vdg
=710  2\$aUniverses (Performance group)$4cre$4prf
=710  2\$aHemispheric Institute of Performance and Politics.$4pro
=710  2\$aHemispheric Institute Digital Video Library.
=711  2\$aHemispheric Institute Encuentro$n(7th :$d2009 :$cBogotá, Colombia).$tStaging citizenship : cultural rights in the Americas.
=830  \0$aHemispheric Institute archive.
=856  40$uhttp://hdl.handle.net/2333.1/31zcrmv4

