=LDR  03427cgm a2200469 a 4500
=001  003798503
=005  20140421221213.0
=006  m\\\\\\\\z\\\\\\\\
=007  vd\cvaizu
=007  cr\cna|||m|||a
=007  cr\|||||||||||
=008  130820e20090918nyu072\\\\\\\\\\\\vleng\d
=024  7\$aHI2012_018_01$2nyu-hidvl
=024  7\$aHI2012_019_01$2nyu-hidvl
=024  7\$aHI2012_020_01$2nyu-hidvl
=040  \\$aNNU$beng$cNNU
=041  0\$aeng
=245  00$aMust$h[videorecording] :$bthe inside story /$cHemispheric Institute of Performance and Politics, producer ; Peggy Shaw, creator.
=260  \\$c2009 Sep. 18.
=300  \\$3viewing copy.$a3 videodiscs of 3 (DVD) (71 min., 19 sec.: pt.1, 3 min., 3 sec.; pt.2, 59 min., 30 sec.; pt.3, 8 min., 46 sec.) :$bsd., col. ;$c4 3/4 in.
=490  1\$aHemispheric Institute archive
=546  \\$aIn English.
=500  \\$aTitle supplied by Hemispheric Institute.
=500  \\$aPart of the Hemispheric Institute Digital Video Library.
=518  \\$aPerformed at the Hemispheric Institute of Performance and Politics in New York City on September 18, 2009.
=508  \\$aZena Bibler, videographer.
=511  1\$aMarlène Ramírez-Cancio, moderator ; Peggy Shaw, performer.
=520  \\$aPeggy Shaw performs excerpts from her show 'Must: The Inside Story,' a collaboration with Clod Ensemble, London. Conceived as 'a journey through the shadows of a city, a pound of flesh, a book of love...,' this piece generates a space of shared and communal affects, such as sadness and fear, but also hope. In the pre-show, Peggy Shaw welcomes the people and leads them into the space, setting the scene for a show that is more an act of sharing - a one-woman show that, paradoxically, is communal. Peggy Shaw’s voice, by both speaking and singing, performs as a source of emotions that are invoked to act as a means of healing. She offers a cartography of her body, a body that can become dust at some point, but that is always leaving a trace of memories. Challenging medical language, ‘The Inside Story' is a way to show internal emotions attached to the body, which are intensified with the presence of a sense of loss. An intimate session of Q&A with the artist follows this video documentation of the performance.
=520  \\$aPeggy Shaw (www.splitbritches.com) is an independent performance artist, painter and poet who believes in new images, and rejects old ideas. She challenges established practices in theatre, prisons, gender, relationships and humor. Her work is firmly rooted in a queer feminist perspective, with an unceasing quest for global equality in writing, spoken word and performance.
=530  \\$aAlso available online as streaming video.
=534  \\$pMedia source original:$e3 videocassettes of 3 (Mini DV) : sd., col. ; 1/4 in. SP.$mPanasonic DVM60
=540  \\$aThere are copyright restrictions on this collection. For more information, go to the online version of this video.
=650  \0$aWomen$xSexual behavior.
=650  \0$aLesbian theater.
=650  \0$aAutobiography$xWomen authors.
=655  \7$aPerformance.$2nyu-hidvl
=700  1\$aShaw, Peggy.$4cre$4prf
=710  2\$aHemispheric Institute of Performance and Politics.$4pro
=710  2\$aHemispheric Institute Digital Video Library.
=830  \0$aHemispheric Institute archive.
=856  40$uhttp://hdl.handle.net/2333.1/0rxwdf0n

