=LDR  04044ngm a2200625 a 4500
=001  003461017
=004  003461017
=005  20111013142331.0
=006  m\\\\\\\\z\\\\\\\\
=007  vd\cvaiz|
=007  cr\cna|||m|||a
=007  vd\cvaiz|
=007  cr\|||||||||||
=008  110616e20090829nyu021\\\\\\\\\\\\vleng\d
=024  7\$aHI2010_003_01$2nyu-hidvl
=040  \\$aNNU$beng$cNNU
=041  0\$aeng$ahaw
=043  \\$an-us-hi
=079  \\$a(OCoLC)741728663
=245  00$aInterview with Vicky Holt Takamine and Jamaica Osorio$h[videorecording].
=246  3\$aVicky Holt Takamine
=246  3\$aJamaica Osorio
=260  \\$c2009 Aug. 29.
=300  \\$3viewing copy.$a1 videodisc of 1 (DVD) (20 min., 28 sec.) :$bsd., col. ;$c4 3/4 in.
=546  \\$aIn English and Hawaiian.
=500  \\$aTitle supplied by Hemispheric Institute.
=500  \\$aPart of the Hemispheric Institute Digital Video Library.
=518  \\$aRecorded in Bogotá, Colombia, on August 29, 2009, as part of the 7th Encuentro of the Hemispheric Institute of Performance and Politics.
=508  \\$aHemispheric Institute of Performance and Politics, producer ; Frances Pollitt, videographer.
=511  0\$aVicky Holt Takamine, interviewee ; Jamaica Osorio, interviewee ; Diana Taylor, interviewer.
=520  \\$aInterview with Vicky Holt Takamine and Jamaica Osorio, conducted by Diana Taylor, during the 7th Encuentro of the Hemispheric Institute of Performance and Politics, held in August of 2009 in Bogotá, Colombia under the title 'Staging Citizenship: Cultural Rights in the Americas.' In this interview, Vicky Holt Takamine and Jamaica Osorio talk about their take on how their particular performance-related work makes a political intervention in the public sphere. Part of the interview incorporates an impromptu spoken word moment by Osorio. This interview complements the performance 'Hula as Resistance,' showcased in this 10-day event, which brought together activism, scholarship, and art around the themes of legacies, memories, struggles, and frontiers of citizenship. Takamine is the founder and kumu hula (master teacher) of Pua Ali'i 'Ilima, a school of traditional Hawaiian dance. She graduated through the 'uniki rituals of hula from Maiki Aiu Lake. Vicky received her BA and MA in Dance Ethnology from the University of Hawai'i. Since 1997, she has coordinated demonstrations, rallies, and marches calling for social, economic, and environmental justice for native Hawaiians. Jamaica Heolimeleikalani Osorio is a dancer who relates her work to ‘Îlio‘ulaokalani Coalition, an organization of native Hawaiian cultural practitioners who advocate for the protection of their native rights and cultural and natural resources.
=530  \\$aAlso available online as streaming video.
=534  \\$pMedia source original:$e1 videocassette of 1 (Mini DV) : sd., col. ; 1/4 in. SP.$mPanasonic DVM60.
=540  \\$aThere are copyright restrictions on this collection. For more information, go to the online version of this video.
=600  10$aTakamine, Vicky$vInterviews.
=600  10$aOsorio, Jamaica$vInterviews.
=650  \0$aPolitical activists$zHawaii.
=650  \0$aHula (Dance)
=650  \0$aHawaiians$xCivil rights.
=650  \0$aIndigenous peoples.
=650  \0$aIdentity politics.
=651  \0$aHawaii$xIntellectual life$y21st century.
=653  \\$aCultural agents
=655  \7$aInterview.$2nyu-hidvl
=655  \7$aSpoken word.$2nyu-hidvl
=700  1\$aTakamine, Vicky.$4ive
=700  1\$aOsorio, Jamaica.$4ive
=700  1\$aTaylor, Diana,$d1950-$4ivr
=700  1\$aPollitt, Frances.$4vdg
=710  2\$aHemispheric Institute of Performance and Politics.$4pro
=710  2\$aHemispheric Institute Digital Video Library.
=711  2\$aHemispheric Institute Encuentro$n(7th :$d2009 :$cBogotá, Colombia).$tStaging citizenship : cultural rights in the Americas.
=856  40$uhttp://hdl.handle.net/2333.1/866t1h8t

