=LDR  03846cgm a2200637 a 4500
=001  003678303
=004  003678303
=005  20121106093952.0
=006  m\\\\\\\\c\\\\\\\\
=007  vd\cvaizu
=007  cr\cna|||m|||a
=007  cr\|||||||||||
=007  vd\cvaizu
=008  121026e20090824ck\035\\\\\\\\\\\\vleng\d
=024  7\$aHI2010_046_01$2nyu-hidvl
=024  7\$aHI2010.046_01$2nyu-hidvl
=040  \\$aNNU$beng$cNNU
=041  0\$aeng$ahaw$aspa
=043  \\$an-us-hi
=245  00$aHula as resistance$h[videorecording] /$cHemispheric Institute of Performance and Politics, producer ; Vicky Holt Takamine, creator.
=260  \\$c2009 Aug. 24.
=300  \\$3viewing copy.$a1 videodisc of 1 (DVD) (34 min., 20 sec.) :$bsd., col. ;$c4 3/4 in.
=490  1\$aHemispheric Institute archive
=546  \\$aIncludes English, Hawaiian and Spanish.
=500  \\$aTitle supplied by Hemispheric Institute.
=500  \\$aPart of the Hemispheric Institute Digital Video Library.
=518  \\$aPerformed at the Auditorio Carlos Martínez, Ed. Arquitectura, in Bogotá, Colombia, on August 24, 2009, as part of the 7th Encuentro of the Hemispheric Institute of Performance and Politics.
=508  \\$aZena Bibler, videographer.
=511  1\$aJamaica Heolimeleikalani Osorio, Christina Mauliola Cook, Alison Hartle, performers.
=520  \\$aHula as Resistance was presented as a part of the 7th Encuentro of the Hemispheric Institute of Performance and Politics, held in August of 2009 in Bogotá, Colombia, under the title 'Staging Citizenship: Cultural Rights in the Americas.' This 10-day event brought together activism, scholarship, and art around the themes of legacies, memories, struggles, and frontiers of citizenship. The chants and dances that were used in this performance praise and honor native Hawaiians' gods and chiefs. They celebrate their beloved lands, and call for unity and solidarity. Takamine is the founder and kumu hula (master teacher) of Pua Ali'i 'Ilima, a school of traditional Hawaiian dance. In addition, she teaches hula at UH Manoa and Leeward Community College. She graduated through the 'uniki rituals of hula from Maiki Aiu Lake. Vicky received her BA and MA in Dance Ethnology from the University of Hawai'i. Since 1997, she has coordinated demonstrations, rallies, and marches calling for social, economic, and environmental justice for native Hawaiians.
=530  \\$aAlso available online as streaming video.
=534  \\$pMedia source original:$e1 videocassette of 1 (Mini DV) : sd., col. ; 1/4 in. SP.$mPanasonic DVM60.
=540  \\$aThere are copyright restrictions on this collection. For more information, go to the online version of this video.
=650  \0$aIndigenous peoples$xPolitics and government.
=650  \0$aHula (Dance)$zHawaii.
=650  \0$aHawaiian language$xPolitical aspects.
=650  \0$aSociolinguistics$zHawaii.
=650  \0$aPoetry$xPolitical aspects.
=650  \0$aTheater$xPolitical aspects.
=651  \0$aHawaii$xSocial life and customs.
=655  \7$aPerformance.$2nyu-hidvl
=655  \7$aDance.$2nyu-hidvl
=655  \7$aTheater.$2nyu-hidvl
=655  \7$aSpoken word.$2nyu-hidvl
=700  1\$aTakamine, Vicky.$4cre
=700  1\$aBibler, Zena.$4vdg
=700  1\$aOsorio, Jamaica Heolimeleikalani.$4prf
=700  1\$aCook, Christina Mauliola.$4prf
=700  1\$aHartle, Alison.$4prf
=710  2\$aHemispheric Institute of Performance and Politics.$4pro
=710  2\$aHemispheric Institute Digital Video Library.
=711  2\$aHemispheric Institute Encuentro$n(7th :$d2009 :$cBogotá, Colombia).$tStaging citizenship : cultural rights in the Americas.
=830  \0$aHemispheric Institute archive.
=856  40$uhttp://hdl.handle.net/2333.1/pc866vkd

