=LDR  03906ngm a2200601 a 4500
=001  003473755
=005  20111014153615.0
=006  m\\\\\\\\c\\\\\\\\
=007  vd\cvaiz|
=007  cr\cna|||m|||a
=007  vd\cvaiz|
=007  cr\|||||||||||
=008  110718e20090823nyu019\\\\\\\\\\\\vlspa\d
=024  7\$aHI2010_006_02$2nyu-hidvl
=024  7\$aHI2010.006_02$2nyu-hidvl
=040  \\$aNNU$beng$cNNU
=043  \\$an-mx---$as-ck---
=245  00$aInterview with Alvaro Villalobos$h[videorecording].
=246  3\$aAlvaro Villalobos
=260  \\$c2009 Aug. 23.
=300  \\$3viewing copy.$a1 videodisc of 1 (DVD) (19 min.) :$bsd., col. ;$c4 3/4 in.
=490  1\$aHemispheric Institute featured interviews
=546  \\$aIn Spanish.
=500  \\$aTitle supplied by Hemispheric Institute.
=500  \\$aPart of the Hemispheric Institute Digital Video Library.
=500  \\$aIncluded on HI2010.006_01 ("Interview with Vivian Martínez Tabares").
=518  \\$aRecorded at the Universidad Nacional, in Bogotá, Colombia, on August 23, 2009, as part of the 7th Encuentro of the Hemispheric Institute of Performance and Politics.
=508  \\$aHemispheric Institute of Performance and Politics, producer ; Rachel Lears, videographer.
=511  0\$aAlvaro Villalobos, interviewee ; Antonio Prieto Stambaugh, interviewer.
=520  \\$aInterview with Alvaro Villalobos, conducted by Antonio Prieto Stambaugh, during the 7th Encuentro of the Hemispheric Institute of Performance and Politics, held in August of 2009 in Bogotá, Colombia under the title 'Staging Citizenship: Cultural Rights in the Americas.' In this interview, Alvaro Villalobos talks about his take on how his particular performance-related work makes a political intervention in the public sphere. This interview complements his participation in a round table on Urban Interventions, presented in this 10-day event, which brought together activism, scholarship, and art around the themes of legacies, memories, struggles, and frontiers of citizenship. Álvaro Villalobos is a Colombian artist living in Mexico. He received his Masters degree in Visual Arts and his PhD in Latin American Studies from UNAM. He graduated from the School of Arts at ASAB in Bogotá. His work consists primarily of performances, photographs, videos and installations that link social and political issues to the work of art. Currently he is a professor at the Acatlán School of Superior Studies at the UNAM and he is the Coordinator of the Research and Post-graduate work at the School of Arts at UAEM.
=530  \\$aAlso available online as streaming video.
=534  \\$pMedia source original:$e1 videocassette of 1 (Mini DV) : sd., col. ; 1/4 in. SP.$mPanasonic DVM60.
=540  \\$aThere are copyright restrictions on this collection. For more information, go to the online version of this video.
=600  10$aVillalobos Herrera, Alvaro$vInterviews.
=650  \0$aStreet entertainers$zMexico.
=650  \0$aStreet entertainers$zColombia.
=650  \0$aPolitics in art$zMexico.
=650  \0$aPolitics in art$zColombia.
=650  \0$aArts$zMexico.
=650  \0$aArts$zColombia.
=651  \0$aMexico$xIntellectual life$y21st century.
=651  \0$aColombia$xIntellectual life$y21st century.
=655  \7$aInterview.$2nyu-hidvl
=700  1\$aVillalobos Herrera, Alvaro.$4ive
=700  1\$aPrieto Stambaugh, Antonio.$4ivr
=700  1\$aLears, Rachel.$4vdg
=710  2\$aHemispheric Institute of Performance and Politics.$4pro
=710  2\$aHemispheric Institute Digital Video Library.
=711  2\$aHemispheric Institute Encuentro$n(7th :$d2009 :$cBogotá, Colombia).$tStaging citizenship : cultural rights in the Americas.
=830  \0$aHemispheric Institute featured interviews.
=856  40$uhttp://hdl.handle.net/2333.1/gqnk9b2b

