=LDR  03474cgm a2200517 a 4500
=001  003755976
=005  20140421212723.0
=006  m\\\\\\\\c\\\\\\\\
=007  cr\cna|||m|||a
=007  cr\|||||||||||
=008  130604e20090828ck\008\\\\\\\\s\\\vlspa\d
=024  7\$aHI2010_059_01$2nyu-hidvl
=040  \\$aNNU$beng$cNNU
=041  0\$aspa
=043  \\$acl-----
=245  00$aOpereta marciana (clip editado)$h[videorecording] =$bMartian operetta (edited clip)$cHemispheric Institute of Performance and Politics, producer ; Mapa Teatro, creator.
=246  31$aMartian operetta (edited clip)
=260  \\$c2009 Aug. 28.
=300  \\$3viewing copy.$a1 streaming video (7 min., 48 sec.) :$bsd., col.
=490  1\$aHemispheric Institute archive
=546  \\$aIn Spanish.
=500  \\$aTitle supplied by Hemispheric Institute.
=500  \\$aPart of the Hemispheric Institute Digital Video Library.
=518  \\$aPerformed at the Auditorio León de Greiff, in Bogotá, Colombia, on August 28, 2009, as part of the 7th Encuentro of the Hemispheric Institute of Performance and Politics.
=508  \\$aGray Wetzler, videographer, editor.
=511  1\$aCrystal, Charlotte, Linda Lucía Callejas, performers.
=520  \\$aMapa Teatro’s 'Martian Operetta' (Opereta marciana) was presented as a part of the 7th Encuentro of the Hemispheric Institute of Performance and Politics, held in August of 2009 in Bogotá, Colombia, under the title 'Staging Citizenship: Cultural Rights in the Americas.' This 10-day event brought together activism, scholarship, and art around the themes of legacies, memories, struggles, and frontiers of citizenship. 'Martian Operetta' was a remake of the Mexican film Blue Demon y las Invasoras. It revisited, through the art of travestism, the influence that Mexican popular music and narrative film had on the Colombian imaginary. This film was projected while Crystal, Charlotte and Linda Lucía Callejas perform a live lip sync of sumptuous love songs. Mapa Teatro has produced a wide-ranging repertoire of theater, opera, mixed-media performance, and site-specific installation. Committed to experimentation, and less interested in the actor as an 'agent of fiction,' they describe their projects as 'a laboratory for the social imaginary' that offer a space for presenting community issues and human concerns in media and performance projects.
=534  \\$pMedia source original:$e1 videocassette of 1 (Mini DV) : sd., col. ; 1/4 in. SP.$mPanasonic DVM60.
=540  \\$aThere are copyright restrictions on this collection. For more information, go to the online version of this video.
=650  \0$aTransvestism$vDrama.
=650  \0$aPopular music$zLatin America.
=650  \0$aLove songs$zLatin America.
=650  \0$aMelodrama.
=650  \0$aIdentity politics.
=655  \7$aPerformance.$2nyu-hidvl
=655  \7$aDrag performance.$2nyu-hidvl
=655  \7$aVideo performance.$2nyu-hidvl
=700  1\$aWetzler, Gray.$4vdg$4flm
=710  2\$aMapa Teatro.$4cre
=710  2\$aHemispheric Institute of Performance and Politics.$4pro
=710  2\$aHemispheric Institute Digital Video Library.
=711  2\$aHemispheric Institute Encuentro$n(7th :$d2009 :$cBogotá, Colombia).$tStaging citizenship : cultural rights in the Americas.
=740  0\$aBlue Demon y las Invasoras.
=830  \0$aHemispheric Institute archive.
=856  40$uhttp://hdl.handle.net/2333.1/hx3ffd2p

