=LDR  03643cgm a2200589 a 4500
=001  003744604
=004  003744604
=005  20140421210524.0
=006  m\\\\\\\\z\\\\\\\\
=007  vd\cvaizu
=007  cr\cna|||m|||a
=007  cr\|||||||||||
=007  vd\cvaizu
=008  130425s2009\\\\nyu006\\\\\\\\\\\\vleng\d
=024  7\$aHI2011_014_01$2nyu-hidvl
=024  7\$aHI2011.014_01$2nyu-hidvl
=040  \\$aNNU$beng$cNNU
=041  0\$aeng$aspa$jspa
=043  \\$an-us---
=245  00$aTercer Impacto$h[videorecording] :$bHispanacea /$cFulana, creator, producer.
=246  3\$aTercer Impacto :$bHispanacea (with Spanish subtitles)
=246  30$aHispanacea
=260  \\$c2009.
=300  \\$a1 videodisc of 1 (DVD) (5 min., 24 sec.) :$bsd., col. ;$c4 3/4 in.$3viewing copy.
=490  1\$aFulana collection
=546  \\$aIncludes English and Spanish with Spanish subtitles.
=500  \\$aTitle supplied by Hemispheric Institute.
=500  \\$aPart of the Hemispheric Institute Digital Video Library.
=518  \\$aRecorded in New York City in 2009.
=508  \\$aMarlène Ramírez-Cancio & Fulanation, editor ; Eddie Martinez, director of photography ; Adrian Martinez, sound designer ; Sinuhé Padilla-Isunza, original music.
=511  1\$aAndrea Thome, Marlène Ramírez-Cancio, Lisandra Ramos-Grullón, Jen Camp, Cameron Atwell, Daniela Thome, Daniel Norrian, Teresa Basilio, Desiree Gordian, Riyoji Kajiwara, Helen Tong, Sebastián Calderón-Bentín, performers.
=520  \\$aImmigrant Latina women - who have had little or no access to education or health care - are living longer than anyone else in the United States. The New York Times has called this phenomenon 'The Hispanic Paradox.' What if Latinas' longevity could be extracted from their bodies and marketed as a health supplement to the public at large? Find out on the hard-hitting news show, TERCER IMPACTO, as Barbi Bermúdez and Fabi Fernández report on the new craze in energy supplements, HISPANACEA: Your Fountain of Youth. Feel the force that is sweeping the nation!
=520  \\$aFulana (www.fulana.org) is a Latina video collective from New York City. Through parody and satire, Fulana explores themes that are relevant to Latino cultures in the U.S., delving into the nuances that bind our experiences, experimenting with strategies to make visible what we're so often made to read between the lines. Their work, which consists mainly of mock television commercials, music videos and print advertisements, responds to the ways products and ideas are marketed to Latinos through the mass media.
=530  \\$aAlso available online as streaming video.
=534  \\$pMedia source original:$e1 videocassette of 1 (Mini DV) : sd., col. ; 1/4 in. SP.$mPanasonic DVM60
=540  \\$aThere are copyright restrictions on this collection. For more information, go to the online version of this video.
=650  \0$aMass media and culture$zUnited States.
=650  \0$aPopular culture$zUnited States$xMexican influences.
=650  \0$aHispanic American women$xHealth behavior.
=650  \0$aHealth and race.
=650  \0$aLongevity$xGenetic aspects.
=650  \0$aDrug development$vFiction.
=650  \0$aDietary supplements$vFiction.
=650  \0$aBroadcast journalism$vParodies, imitations, etc.
=650  \0$aPolitical satire.
=655  \7$aVideo parody.$2nyu-hidvl
=710  2\$aFulana.$4cre$4pro
=710  2\$aHemispheric Institute Digital Video Library.
=830  \0$aFulana collection.
=856  40$uhttp://hdl.handle.net/2333.1/02v6wz90

