=LDR  03724ngm a2200409   4500
=001  004191859
=005  20151001153117.0
=006  m\\\\\\\\c\\\\\\\\
=007  cr\cna|||m|||a
=007  cr\|||||||||||
=008  151001s2010\\\\xx\---\\\\\\\\s\\\vleng\d
=024  7\$aHI2014_094_01$2nyu-hidvl
=040  \\$aNNU$beng$cNNU
=041  0\$aeng
=245  00$aInterview with Sue-Ellen Case$h[videorecording].
=246  30$aSue-Ellen Case
=260  \\$c2010.
=300  \\$3viewing copy.$astreaming video :$bsd., col.
=490  1\$aInterview series : What is performance studies?
=500  \\$aPart of the Hemispheric Institute Digital Video Library.
=500  \\$aTitle supplied by the Hemispheric Institute.
=511  0\$aSue-Ellen Case, interviewee ; Diana Taylor, interviewer.
=520  \\$aInterview with Sue-Ellen Case, conducted by Diana Taylor, founding director of the Hemispheric Institute of Performance and Politics.This interview is a part of a series curated by the Hemispheric Institute, articulated around the question 'What is Performance Studies?' The series aims to provide a multifaceted approach to the often difficult task of defining the coordinates of both a field of academic study as well as a lens through which to assess and document cultural practice and embodied behavior. The contingent definitions documented in this series are based on the groundbreaking experiences and the scholarly endeavors of renowned figures in contemporary performance studies and practice.
=520  \\$aSue-Ellen Case is Distinguished Professor in the School of Theater, Film and Television at the University of California, Los Angeles, and Director of the Center for Performance Studies. A past editor of Theatre Journal, Professor Sue-Ellen Case has published widely in the fields of German theatre, feminism and theatre, performance theory, and lesbian critical theory. She has published more than 40 articles in journals such as Theatre Journal, Modern Drama, Differences and Theatre Research International, as well as in many anthologies of critical works. Her books include Feminism and Theatre (1994; revised 2008 and translated into Korean, Turkish and Arabic), The Domain-Matrix: Performing Lesbian at the End of Print Culture (1997), Performing Science and the Virtual (2006) and Feminist and Queer Performance (2009). She has edited several anthologies of critical works and play texts, including Performing Feminisms: Feminist Critical Theory and Theatre (1990), The Divided Home/Land: Contemporary German Women’s Plays (1992), Split Britches: Lesbian Practice/Feminist Performance (1996) and several others. She has been granted the Lifetime Achievement Award by both the American Society for Theatre Research and the Association for Theater in Higher Education. Professor Sue-Ellen Case has served as a senior Fulbright scholar at the National University of Singapore, the Eugene Lang Professor for Social Change at Swarthmore College, and in residence at Stockholm University and the University of Warwick.
=534  \\$pMedia source original:$e[unknown]$m[brand unknown]
=540  \\$aThere are copyright restrictions on this collection. For more information, go to the online version of this video.
=546  \\$aIn English.
=600  10$aCase, Sue-Ellen$vInterviews.
=650  \0$aPerforming arts$xStudy and teaching.
=653  \\$aPerformance studies.
=655  \7$aInterview$2nyu-hidvl
=700  1\$aCase, Sue-Ellen.$4ive
=700  1\$aTaylor, Diana,$d1950-$4ivr
=710  2\$aHemispheric Institute Digital Video Library.
=830  \0$aInterview series : What is performance studies?
=856  40$uhttp://hdl.handle.net/2333.1/fttdz2mt

