=LDR  04479cgm a2200577 a 4500
=001  003744143
=004  003744143
=005  20140421210514.0
=006  m\\\\\\\\c\\\\\\\\
=007  vd\cvaizu
=007  cr\cna|||m|||a
=007  cr\|||||||||||
=007  vd\cvaizu
=008  130425e20100124gt\032\\\\\\\\\\\\vlspa\d
=024  7\$aHI2011_013_01$2nyu-hidvl
=024  7\$aHI2011.013_01$2nyu-hidvl
=040  \\$aNNU$beng$cNNU
=041  0\$aspa
=043  \\$ancgt---
=079  \\$a(OCoLC)845246379
=245  00$aInterview with Regina José Galindo$h[videorecording] /$cHemispheric Institute of Performance and Politics, producer.
=246  30$aRegina José Galindo
=260  \\$c2010 Jan. 24.
=300  \\$3viewing copy.$a1 videodisc of 1 (DVD) (31 min., 25 sec.) :$bsd., col. ;$c4 3/4 in.
=490  1\$aHemispheric Institute featured interviews
=546  \\$aIn Spanish.
=500  \\$aTitle supplied by Hemispheric Institute.
=500  \\$aPart of the Hemispheric Institute Digital Video Library.
=518  \\$aRecorded in Guatemala on January 24, 2010.
=511  1\$aRegina José Galindo, interviewee ; Diana Taylor, interviewer.
=520  \\$aInterview with Regina José Galindo, conducted by Diana Taylor, founding director of the Hemispheric Institute of Performance and Politics. Regina Galindo talks about the difference of being an artist or an activist during the years of violence in Guatemala -- she reflects upon the risks involved in the artist’s work, finally stating that, in fact, any Guatemalan is at risk in their quotidian lives. According with her clear, rational vision of art, activism is something different and more involved; for her, the role of the artist is to create artwork, which might not have a direct impact in social change, but can promote a new dialogue among citizens. Galindo strongly states that she does not think that she is changing the world; however, the fact that she is not involved in a radical change does not mean that she is not working for a better society. Therefore, she proposes a different form of resistance, through which maybe we are not changing the world, but at least we are not worsening it.
=520  \\$aRegina José Galindo (1974) was born in Guatemala City. Her work has been included in group shows like Venice-Istanbul, Museum of Modern Art, Intanbul; Into Me, Out of Me, P.S.1, New York, and Kunst-Werke Berlin; MASH, Miami; Las Fronteras del Género, Zaragoza, Spain; Estrecho Dudoso, Teoretica, Costa Rica; MENS mankind, S.M.A.K., Belgium; Courants Alternatifs, PARVIS, Paris and Bordeaux, France; Eretica, Palermo, Italy; Il Potere delle Donne, Galleria Civica di Arte Contemporanea, Trento, Italy; Produciendo Realidad, Lucca, Italy; First Festival of Corporal Art, Caracas, Venezuela; She has been invited to participate in the Moscu Biennal 2007; I Bienal Arquitectura, Arte Paisaje Islas Canarias in 2006; III Biennale of Tirana, Albania in 2005; Venice Biennal in 2001 and 2005; II Biennal in Prague in 2005; and III Biennal in Lima, Peru in 2002. She won the Golden Lion Award for young artists for her participation in the Venice Biennal in 2005. She has published a monography of her work Regina José Galindo by VanillaEdizioni, and PrometeoGallery, Italy 2006, and the book of poetry Personal e Intransmisible, editorial Coloquia, Guatemala, 1999.
=530  \\$aAlso available online as streaming video.
=534  \\$pMedia source original:$e1 videocassette of 1 (Mini DV) : sd., col. ; 1/4 in. SP.$mMaxell DVM60SE
=540  \\$aThere are copyright restrictions on this collection. For more information, go to the online version of this video.
=600  10$aGalindo, Regina José,$d1974-$vInterviews.
=600  10$aGalindo, Regina José,$d1974-$xPolitical activity.
=650  \0$aArtists$xPolitical activity.
=650  \0$aArt$xPolitical aspects.
=650  \0$aPolitical activists$zGuatemala.
=650  \0$aVictims of violent crimes$zGuatemala.
=651  \0$aGuatemala$xPolitics and government$xHistory.
=655  \7$aInterview.$2nyu-hidvl
=700  1\$aGalindo, Regina José,$d1974-$4ive
=700  1\$aTaylor, Diana,$d1950-$4ivr
=710  2\$aHemispheric Institute of Performance and Politics.$4pro
=710  2\$aHemispheric Institute Digital Video Library.
=830  \0$aHemispheric Institute featured interviews.
=856  40$uhttp://hdl.handle.net/2333.1/3tx95zrr

