=LDR  03466cgm a2200505 a 4500
=001  003798510
=005  20140421221223.0
=006  m\\\\\\\\z\\\\\\\\
=007  vd\cvaizu
=007  cr\cna|||m|||a
=007  cr\|||||||||||
=008  130820e20101111nyu039\\\\\\\\\\\\vlspa\d
=024  7\$aHI2012_023_01$2nyu-hidvl
=040  \\$aNNU$beng$cNNU
=041  0\$aspa
=043  \\$as-ck---
=245  00$aInterview with David Lozano$h[videorecording] =$bEntrevista con David Lozano /$cHemispheric Institute of Performance and Politics, producer.
=246  31$aEntrevista con David Lozano
=246  30$aDavid Lozano
=260  \\$c2010 Nov. 11.
=300  \\$3viewing copy.$a1 videodisc of 1 (DVD) (38 min., 15 sec.) :$bsd., col. ;$c4 3/4 in.
=490  1\$aHemispheric Institute featured interviews
=546  \\$aIn Spanish.
=500  \\$aTitle supplied by Hemispheric Institute.
=500  \\$aPart of the Hemispheric Institute Digital Video Library.
=518  \\$aRecorded at the Hemispheric Institute in New York City on November 11, 2010.
=511  0\$aDavid Lozano, interviewee ; Marlène Ramírez-Cancio, interviewer.
=520  \\$aInterview with David Lozano, conducted by Marlène Ramírez-Cancio, Associate Director of Arts & Media at the Hemispheric Institute of Performance and Politics. In this interview, David Lozano discusses the role of the body in the intertwining dynamics between arts and politics. Lozano’s performance work explores the relational links between bodies, proposing powerful ways for evidencing and undoing embodied constructions of gender and citizenship. Considering performance as a site for surprise, and for the non-controlled, his work ‘Marca y ego: Oficios para el cuerpo’ offers a reflection upon how bodies are marked as ‘abjected,’ and how those bodies’ textures are a surface that transmits meaning. Although the body is a vulnerable territory, it also can function as a means to subvert preconceptions about the body, within the body, and from the body.
=520  \\$aDavid Lozano is a visual artist with a specialization in painting. He has a Masters degree in Visual and Fine Arts from the Universidad Nacional de Colombia. He teaches at the Pontificia Universidad Javeriana, Universidad de los Andes, Santo Tomás de Aquino and the Academy of Superior Arts of Bogotá. Currently he is a teacher and the director of the School of Visual Arts at the Universidad Nacional de Colombia. As an artist, his work has focused on the investigation of the postmodern and globalized body.
=530  \\$aAlso available online as streaming video.
=534  \\$pMedia source original:$e1 videocassette of 1 (Mini DV) : sd., col. ; 1/4 in. SP.$mPanasonic DVM60
=540  \\$aThere are copyright restrictions on this collection. For more information, go to the online version of this video.
=600  10$aLozano, David$vInterviews.
=650  \0$aArtists$zColombia.
=650  \0$aHuman body$xPolitical aspects
=650  \0$aArt and society$zColombia.
=650  \0$aPerformance art$xPolitical aspects.
=655  \7$aInterview.$2nyu-hidvl
=700  1\$aLozano, David.$4ive
=700  1\$aRamírez-Cancio, Marlène.$4ivr
=710  2\$aHemispheric Institute of Performance and Politics.$4pro
=710  2\$aHemispheric Institute Digital Video Library.
=830  \0$aHemispheric Institute featured interviews.
=856  40$uhttp://hdl.handle.net/2333.1/gqnk9bhg

