=LDR  03730cgm a2200469 a 4500
=001  003802309
=005  20140421221545.0
=006  m\\\\\\\\c\\\\\\\\
=007  cr\cna|||m|||a
=007  cr\|||||||||||
=008  130822e20100408nyu047\\\\\\\\s\\\vlspa\d
=024  7\$aHI2012_027_01$2nyu-hidvl
=040  \\$aNNU$beng$cNNU
=041  0\$aspa
=043  \\$as-bo---
=245  03$aInterview with Julieta Paredes$h[videorecording] /$cHemispheric Institute of Performance and Politics, producer.
=246  30$aJulieta Paredes
=260  \\$c2010 Apr. 8.
=300  \\$3viewing copy.$a1 streaming video (46 min., 23 sec.) :$bsd., col.
=490  1\$aHemispheric Institute archive
=546  \\$aIn Spanish.
=500  \\$aTitle supplied by Hemispheric Institute.
=500  \\$aPart of the Hemispheric Institute Digital Video Library.
=518  \\$aRecorded at the Hemispheric Institute of Performance and Politics in New York City on April 8, 2010.
=511  0\$aJulieta Paredes, interviewee ; Marcial Godoy-Anativia, interviewer.
=520  \\$aInterview with Julieta Paredes, conducted by Marcial Godoy-Anativia, Associate Director of the Hemispheric Institute of Performance and Politics. In this interview, Julieta Paredes underlines the centrality of a communal spirit in her work, stating that when she speaks, her voice is a resonance of the voice of her ‘compañeras.’ She questions Western notions of what ‘performance’ is, claiming that the ‘Pachamama’ (Mother Earth) has taught her and her people a cultural performance or ‘performance del pueblo.’ She also points out that the use of the term ‘performance’ might tend to highlight an aesthetic or artistic practice, which can imply a depoliticization of the contents transmitted through actions. Paredes explains how she envisions indigenous people’s communal work, working together from their bodies and sexualities, building what she calls ‘communal feminism.’ Thus, from the particularities of traditional indigenous communities, an active political participation in the public sphere can be set in motion. She also talks about the ‘acciones’ of ‘Mujeres Creando’ and later ‘Mujeres Creando Comunidad,’ which are created to engage with people in public spaces, and to communicate and transmit those social and political struggles that have been invisibilized and silenced.
=520  \\$aJulieta Paredes Carvajal is an Aymara lesbian and communitarian feminist. She was a founding member of ‘Mujeres Creando’ (Women Creating), and she worked with this collective for many years. She is also founder of 'Mujeres creando comunidad' (Women Creating Community), and of the Assembly of Communitarian Feminism. She lives in in La Paz, Bolivia, a place where a hope-inspiring political process is currently taking place. She is a writer, singer and anti-patriarchal poet.
=534  \\$pMedia source original:$e1 videocassette of 1 (Mini DV) : sd., col. ; 1/4 in. SP.$mPanasonic DVM60A
=540  \\$aThere are copyright restrictions on this collection. For more information, go to the online version of this video.
=600  10$aParedes, Julieta$vInterviews.
=650  \0$aFeminism$zBolivia.
=650  \0$aWomen$zBolivia$xSocial conditions
=650  \0$aIndigenous women$zBolivia.
=651  \0$aBolivia$xPolitics and government
=655  \7$aInterview.$2nyu-hidvl
=700  1\$aParedes, Julieta.$4ive
=700  1\$aGodoy-Anativia, Marcial.$4ivr
=710  2\$aHemispheric Institute of Performance and Politics.$4pro
=710  2\$aHemispheric Institute Digital Video Library.
=830  \0$aHemispheric Institute archive.
=856  40$uhttp://hdl.handle.net/2333.1/79cnp75q

