=LDR  04173cgm a2200469 a 4500
=001  003808910
=005  20140421222729.0
=006  m\\\\\\\\c\\\\\\\\
=007  cr\cna|||m|||a
=007  cr\|||||||||||
=008  130825e20100405nyu101\\\\\\\\s\\\vlspa\d
=024  7\$aHI2012_025_01$2nyu-hidvl
=024  7\$aHI2012_026_01$2nyu-hidvl
=040  \\$aNNU$beng$cNNU
=041  0\$aspa$aeng
=043  \\$as-bo---
=245  00$aHilando fino desde el feminismo comunitario$h[videorecording] /$cHemispheric Institute of Performance and Politics, producer ; NYU-CLACS, producer ; Julieta Paredes, creator.
=260  \\$c2010 Apr. 5.
=300  \\$3viewing copy.$astreaming videos (100 min., 18 sec.: pt.1: 56 min., 48 sec.; pt.2: 43 min., 30 sec.) :$bsd., col.
=490  1\$aHemispheric Institute archive
=546  \\$aIncludes Spanish and English.
=500  \\$aTitle supplied by Hemispheric Institute.
=500  \\$aPart of the Hemispheric Institute Digital Video Library.
=518  \\$aPerformed at the Performance Studies Department of New York University in New York City on April 5, 2010.
=520  \\$aThis is a video documentation of Julieta Paredes’ talk/performance/no-performance entitled ‘Hilando fino desde el feminismo comunitario,’ presented as part of the CLACS Research Colloquium Series ‘Decolonization in the Andes: Contemporary Debates and Transformations,’ co-organized by the Hemispheric Institute of Performance and Politics and the Department of Performance Studies at NYU. Julieta Paredes stages a transformation during her presentation, changing from her Westernized clothes to her grandmother’s clothes, and so visibly turning into an indigenous woman, or ‘chola.’ Paredes claims that, in Bolivia, ‘nobody looks at me when I’m dressing as a chola: we become invisible.’ Stating also that ‘cholas don’t have a body, don’t have a sexuality, don’t have ideas,’ Paredes’s proposes to engage in political participation with and from her body. She insists in that which she is doing ‘is not a performance,’ but an actual transmission of her sisters and her people’s thoughts and demands through her voice and her body. In this manner, Paredes brings to presence the very topics she is discussing – being that women’s corporeality has been at the center of colonial penetration, she proposes that resistance and contestation against colonialism must come from those feminine bodies. Thus, the task of recovering women’s corporeality and sexuality is at the basis of her proposal of ‘communal feminism’. This is the first step to achieve balance between brothers and sisters, and start working side by side to regain native communities’ sovereignty.
=520  \\$aJulieta Paredes Carvajal is an Aymara lesbian and communitarian feminist. She was a founding member of ‘Mujeres Creando’ (Women Creating), and she worked with this collective for many years. She is also founder of 'Mujeres creando comunidad' (Women Creating Community), and of the Assembly of Communitarian Feminism. She lives in in La Paz, Bolivia, a place where a hope-inspiring political process is currently taking place. She is a writer, singer and anti-patriarchal poet.
=534  \\$pMedia source original:$e2 videocassettes of 2 (Mini DV) : sd., col. ; 1/4 in. SP.$mPanasonic DVM60 and Panasonic DVM60A
=540  \\$aThere are copyright restrictions on this collection. For more information, go to the online version of this video.
=650  \0$aFeminism$zBolivia.
=650  \0$aWomen$zBolivia$xSocial conditions
=650  \0$aIndigenous women$zBolivia.
=650  \0$aSite-specific theater.
=651  \0$aBolivia$xPolitics and government
=655  \7$aLecture.$2nyu-hidvl
=655  \7$aPerformance.$2nyu-hidvl
=700  1\$aParedes, Julieta.$4cre
=710  2\$aNew York University.$bCenter for Latin American and Caribbean Studies.$4pro
=710  2\$aHemispheric Institute of Performance and Politics.$4pro
=710  2\$aHemispheric Institute Digital Video Library.
=830  \0$aHemispheric Institute archive.
=856  40$uhttp://hdl.handle.net/2333.1/jh9w0xjj

