=LDR  03991cgm a2200505 a 4500
=001  003756323
=005  20140421214053.0
=006  m\\\\\\\\c\\\\\\\\
=007  vd\cvaizu
=007  cr\cna|||m|||a
=007  cr\|||||||||||
=008  130605e20101111nyu033\\\\\\\\\\\\vlspa\d
=024  7\$aHI2011_046_01$2nyu-hidvl
=040  \\$aNNU$beng$cNNU
=041  0\$aspa
=043  \\$an-mx---
=245  00$aInterview with Moysés Zúñiga Santiago$h[videorecording] /$cHemispheric Institute of Performance and Politics, producer.
=246  30$aMoysés Zúñiga Santiago
=260  \\$c2010 Nov. 11.
=300  \\$3viewing copy.$a1 videodisc of 1 (DVD) (33 min.) :$bsd., col. ;$c4 3/4 in.
=490  1\$aHemispheric Institute featured interviews
=546  \\$aIn Spanish.
=500  \\$aTitle supplied by Hemispheric Institute.
=500  \\$aPart of the Hemispheric Institute Digital Video Library.
=518  \\$aRecorded at the Hemispheric Institute in New York City on November 11, 2010.
=511  1\$aMoysés Zúñiga Santiago, interviewee ; Marcial Godoy-Anativia, interviewer.
=520  \\$aIn this interview, conducted by Marcial Godoy-Anativia, associate director of the Hemispheric Institute of Performance and Politics, Moysés Zúñiga Santiago talks about his photo exhibit presented in NYC in 2010. His photos portrayed the conflict in Mitzitón, located near to San Cristóbal de las Casas, Chiapas. Zúñiga explains the political and religious confrontation, as well as the presence of the Zapatismo in this zone. He also speaks about the role of the photojournalist, which must aim for social denounce – given the silence of the mainstream media – in spite of the danger that it involves. Finally, he discusses recent events in Mexican history, and he comments how his recent visit to New York City provoked reflections about life in the streets, and the social, linguistic, and racial contrasts that he noticed.
=520  \\$aA native of San Cristobal de Las Casas, Moysés Zuñiga Santiago began his study of science and technology at the University of Xalapa in Veracruz in 1998 where he worked in television, photography and radio. In 2003, he began work in Xalapa at Diario AZ as a photojournalist and was subsequently hired by Milenio de Veracruz as the photography editor. Beginning in January of 2006 he served as the correspondent for Mexican photography agency Cuartoscuro during Subcomandante Marcos’ ‘Other Campaign’ and traveled the entirety of Mexico with Marcos. During this time, Zúñiga also worked with the Associated Press (AP), EFE (Spain), and Agence France Press (AFP). Since 2007, Zúñiga has worked with La Jornada in San Cristóbal de Las Casas and covers the Chiapas region for the Associated Press and EFE. In 2009 he received a Rory Peck Training Fund grant for freelance journalists in high-risk areas from the Rory Peck Trust.
=530  \\$aAlso available online as streaming video.
=534  \\$pMedia source original:$e1 videocassette of 1 (Mini DV) : sd., col. ; 1/4 in. SP.$mPanasonic DVM60
=540  \\$aThere are copyright restrictions on this collection. For more information, go to the online version of this video.
=600  10$aSantiago, Moysés Zúñiga$vInterviews.
=650  \0$aPhotojournalists$zMexico$vInterviews.
=650  \0$aPhotojournalism$xPolitical aspects$zMexico$zSan Cristóbal de Las Casas.
=610  20$aEjército Zapatista de Liberación Nacional (Mexico)
=650  \0$aSocial conflict$zMexico$zSan Cristóbal de Las Casas.
=651  \0$aSan Cristóbal de Las Casas (Mexico)
=655  \7$aInterview.$2nyu-hidvl
=700  1\$aSantiago, Moysés Zúñiga.$4ive
=700  1\$aGodoy-Anativia, Marcial.$4ivr
=710  2\$aHemispheric Institute of Performance and Politics.$4pro
=710  2\$aHemispheric Institute Digital Video Library.
=830  \0$aHemispheric Institute featured interviews.
=856  40$uhttp://hdl.handle.net/2333.1/547d7z8r

