=LDR  03137ngm a2200457   4500
=001  004191088
=005  20160613122343.0
=006  m\\\\\\\\c\\\\\\\\
=007  cr\cna|||m|||a
=007  cr\|||||||||||
=008  150928e20100929nyu107\\\\\\\\s\\\vleng\d
=024  7\$aHI2014_013_01$2nyu-hidvl
=024  7\$aHI2014_014_01$2nyu-hidvl
=040  \\$aNNU$beng$cNNU
=041  0\$aeng
=245  00$aSwift solos$h[videorecording] /$cKen Swift, director.
=260  \\$c2010 Sep. 29.
=300  \\$3viewing copy.$astreaming video (106 min., 33 sec.: pt.1: 83 min., 19 sec.; pt.2: 23 min., 14 sec.) :$bsd., col.
=490  1\$aHip Hop Theater Festival
=500  \\$aPart of the Hemispheric Institute Digital Video Library.
=500  \\$aTitle supplied by the Hemispheric Institute.
=508  \\$aKen Swift, choreographer.
=511  1\$aOlive Dance Theatre Company, dancers.
=518  \\$aPerformed at the Dance Theater Workshop, 219 West 19th St. New York City, on September 29, 2010.
=520  \\$aHonoring the legacy of groundbreaking dancer Ken Swift, Olive Dance Theatre performs a series of vignettes in commemoration of the artist’s legacy. More than a tribute, this performance is an interactive journey through the history of breakdancing with both audiences and dancers discussing why they love break and the impact of Swift’s work. The audience is in for a brilliant homage and a great surprise when Swift makes a cameo. From breakdancing to concert halls, Olive Dance Theatre’s performance exemplifies the multigenerational, multicultural range of Swift’s work.
=520  \\$aA pioneering B-Boy, Swift began B-Boying in 1978 at the age of twelve. He is credited with creating numerous dance moves and is recognized the world over as one of the most influential dancers in the genre of breakdancing.
=520  \\$aHip-Hop Theater Festival is dedicated to presenting and showcasing theater written by and about the Hip-Hop generation. Since 2004, its creators have worked with emerging and established artists to develop work that broadens conversations around Hip-Hop on a global scale. Dedicated to inciting dialogue and social change, HHTF recognizes the power of Hip-Hop and the power of theater as a medium. For a culture whose impact can be seen and felt around the globe, Hip-Hop Theater Festival works to shine light on the diversity and innovation within the world of Hip-Hop.
=534  \\$pMedia source original:$e2 videocassettes (Mini DV) : sd., col. ; 1/4 in. SP.$mPanasonic ME DVM60
=540  \\$aThere are copyright restrictions on this collection. For more information, go to the online version of this video.
=546  \\$aIn English.
=650  \0$aBreak dancing.
=650  \0$aHip-hop dance.
=650  \0$aDance$xPolitical aspects.
=655  \7$aDance.$2nyu-hidvl
=655  \7$aTheater.$2nyu-hidvl
=655  \7$aHip-Hop theater.$2nyu-hidvl
=700  1\$aSwift, Ken.$4drt$4chr$4dnc
=710  2\$aHemispheric Institute Digital Video Library.
=830  \0$aHip-Hop Theater Festival (Hi-ARTS)
=856  40$uhttp://hdl.handle.net/2333.1/51c5b245

