=LDR  03501ngm a2200529   4500
=001  004190980
=005  20160613120015.0
=006  m\\\\\\\\c\\\\\\\\
=007  cr\cna|||m|||a
=007  cr\|||||||||||
=008  150928e20101007nyu100\\\\\\\\s\\\vleng\d
=024  7\$aHI2014_006_01$2nyu-hidvl
=024  7\$aHI2014_007_01$2nyu-hidvl
=040  \\$aNNU$beng$cNNU
=041  0\$aeng
=043  \\$an-usu--
=245  00$aSoul power$h[videorecording] :$beat to live.
=260  \\$c2010 Oct 7.
=300  \\$3viewing copy.$astreaming video (100 min., 2 sec.: pt.1: 90 min., 35 sec.; pt.2: 9 min., 27 sec.) :$bsd., col.
=490  1\$aHip Hop Theater Festival
=500  \\$aPart of the Hemispheric Institute Digital Video Library.
=500  \\$aTitle supplied by the Hemispheric Institute.
=508  \\$aBryant Terry, host chef.
=511  1\$aBryant Terry, performer.
=518  \\$aPerformed at The Brecht Forum, 451 West St., New York, NY 10014 on October 7, 2010.
=520  \\$aIn a fusion of song, poetry, lecture and demonstration, acclaimed eco-chef Bryant Terry delves into the origins of ‘Soul Food’. Though often portrayed as an extremely unhealthy cuisine, Terry traces Soul Food back to its plant-based origins and, in so doing, explores the intersections of institutional racism, poverty, and food insecurity. His extensive research into the history of the popular cuisine reveals both little-explored information about what Soul Food is, but also provides an opportunity for reclamation of ethnic cuisine and heritage. As Terry says, this knowledge will hopefully help move African-Americans, specifically, and others away from unhealthy stereotypes and the more indulgent foods which should only be eaten occasionally. As a chef and a food justice activist, Terry is committed to healthy and sustainable foodways as well as preserving cultural food legacies.
=520  \\$aHip-Hop Theater Festival is dedicated to presenting and showcasing theater written by and about the Hip-Hop generation. Since 2004, its creators have worked with emerging and established artists to develop work that broadens conversations around Hip-Hop on a global scale. Dedicated to inciting dialogue and social change, HHTF recognizes the power of Hip-Hop and the power of theater as a medium. For a culture whose impact can be seen and felt around the globe, Hip-Hop Theater Festival works to shine light on the diversity and innovation within the world of Hip-Hop.
=534  \\$pMedia source original:$e2 videocassettes (Mini DV) : sd., col. ; 1/4 in. SP.$mPanasonic ME DVM60
=540  \\$aThere are copyright restrictions on this collection. For more information, go to the online version of this video.
=546  \\$aIn English.
=650  \0$aAfrican American cooking$xSocial aspects.
=650  \0$aAfrican American cooking$xHistory.
=650  \0$aCooking$xHealth aspects.
=650  \0$aFood habits$xPsychological aspects.
=650  \0$aFood preferences$zSouthern States.
=650  \0$aAfrican Americans$xSocial life and customs.
=650  \0$aNutrition.
=653  \\$aSoul food.
=653  \\$aHealthy eating.
=655  \7$aHip-Hop theater.$2nyu-hidvl
=655  \7$aTheater.$2nyu-hidvl
=655  \7$aPerformance art.$2nyu-hidvl
=700  1\$aTerry, Bryant,$d1974-$4prf
=710  2\$aHemispheric Institute Digital Video Library.
=830  \0$aHip-Hop Theater Festival (Hi-ARTS)
=856  40$uhttp://hdl.handle.net/2333.1/rv15dxjs

