=LDR  03185cgm a2200541 a 4500
=001  003797505
=005  20140421220715.0
=006  m\\\\\\\\z\\\\\\\\
=007  vd\cvaizu
=007  cr\cna|||m|||a
=007  cr\|||||||||||
=008  130815e20100331nyu022\\\\\\\\\\\\vleng\d
=024  7\$aHI2012_013_01$2nyu-hidvl
=040  \\$aNNU$beng$cNNU
=041  0\$aeng$aspa
=245  00$aTercer Impacto live with Barbi and Fabi$h[videorecording] :$bopening for Guillermo Gómez-Peña's 'Strange Democracy' /$cEl Museo del Barrio, producer ; Fulana (Cristina Ibarra, Marlène Ramírez-Cancio, Lisandra Ramos-Grullón & Andrea Thome), creator.
=260  \\$c2010 Mar. 31.
=300  \\$3viewing copy.$a1 videodisc of 1 (DVD) (21 min., 58 sec.) :$bsd., col. ;$c4 3/4 in.
=490  1\$aHemispheric Institute archive
=546  \\$aIncludes English and Spanish.
=500  \\$aTitle supplied by Hemispheric Institute.
=500  \\$aPart of the Hemispheric Institute Digital Video Library.
=518  \\$aPerformed at the El Museo del Barrio, in New York City, on March 31, 2010.
=508  \\$aGray Wetzler, videographer.
=511  1\$aAndrea Thome, Marlène Ramírez-Cancio, Lisandra Ramos-Grullón, performers.
=520  \\$aThis is a video documentation of Barbi Bermúdez and Fabi Fernández’s TV show ‘Tercer Impacto,’ performed live at El Museo del Barrio. Barbi and Fabi share the stage with 158-years-old Doña Cuca, whose longevity has inspired Western medicine to develop the amazing health supplement ‘Hispanacea.’ Doña Cuca opens her shopping trolley, full of US patriotism’s treasures, to have a ‘tea party’... although perhaps a ‘cafecito negro cola’o’ would be tastier for these Latinas.
=520  \\$aFulana is a video and performance collective created in 2000 by four Latinas in New York City (Cristina Ibarra, Marlène Ramírez-Cancio, Lisandra Ramos-Grullón & Andrea Thome). Using parody and satire, their work delves into topics affecting the Latino communities in the U.S., and responds to the ways products and ideas are marketed and sold to us through the mass media.
=530  \\$aAlso available online as streaming video.
=534  \\$pMedia source original:$e1 videocassette of 1 (Mini DV) : sd., col. ; 1/4 in. SP.$mPanasonic DVM60
=540  \\$aThere are copyright restrictions on this collection. For more information, go to the online version of this video.
=650  \0$aBilingualism$xPolitical aspects.
=650  \0$aHealth and race.
=650  \0$aLongevity$xGenetic aspects
=650  \0$aPerformance art$zUnited States$xSocial aspects.
=650  \0$aPolitical satire.
=650  \0$aDemocracy$zUnited States.
=650  \0$aTea Party movement.
=650  \0$aHispanic American women artists.
=655  \7$aPerformance.$2nyu-hidvl
=655  \7$aMultimedia.$2nyu-hidvl
=655  \7$aTheater.$2nyu-hidvl
=655  \7$aSatire.$2nyu-hidvl
=710  2\$aFulana.$4cre$4prf
=710  2\$aEl Museo del Barrio.$4pro
=710  2\$aHemispheric Institute Digital Video Library.
=830  \0$aHemispheric Institute archive.
=856  40$uhttp://hdl.handle.net/2333.1/w0vt4d3p

