=LDR  02649ngm a2200421   4500
=001  004190981
=005  20160613122227.0
=006  m\\\\\\\\c\\\\\\\\
=007  cr\cna|||m|||a
=007  cr\|||||||||||
=008  150928e20101008nyu106\\\\\\\\s\\\vleng\d
=024  7\$aHI2014_008_01$2nyu-hidvl
=024  7\$aHI2014_009_01$2nyu-hidvl
=040  \\$aNNU$beng$cNNU
=041  0\$aeng
=043  \\$an-us---
=245  00$aPanel$h[videorecording] :$bsurviving the system.
=260  \\$c2010 Oct.8.
=300  \\$3viewing copy.$astreaming video (105 min., 35 sec.: pt.1: 60 min., 27 sec.; pt.2: 45 min., 8 sec.) :$bsd., col.
=490  1\$aHip Hop Theater Festival
=500  \\$aPart of the Hemispheric Institute Digital Video Library.
=500  \\$aTitle supplied by the Hemispheric Institute.
=511  0\$aRadha Blank, host.
=518  \\$aPerformed at The Brecht Forum, 451 West Street, NYC, on October 8, 2010.
=520  \\$aTaking a cue from playwright Radha Blank’s work Seed in which the system(s) of child welfare and the survival of the children affected are explored, the panel members address those very same issues. Featuring social workers, child advocates, and survivors of the system(s), the panelists share their experiences about how their work and their lives have compelled them to advocate for changes in the current state of child welfare.
=520  \\$aHip-Hop Theater Festival is dedicated to presenting and showcasing theater written by and about the Hip-Hop generation. Since 2004, its creators have worked with emerging and established artists to develop work that broadens conversations around Hip-Hop on a global scale. Dedicated to inciting dialogue and social change, HHTF recognizes the power of Hip-Hop and the power of theater as a medium. For a culture whose impact can be seen and felt around the globe, Hip-Hop Theater Festival works to shine light on the diversity and innovation within the world of Hip-Hop.
=534  \\$pMedia source original:$e2 videocassettes (Mini DV) : sd., col. ; 1/4 in. SP.$mPanasonic ME DVM60
=540  \\$aThere are copyright restrictions on this collection. For more information, go to the online version of this video.
=546  \\$aIn English.
=650  \0$aChild welfare$zUnited States.
=650  \0$aAbused children$xPsychological aspects.
=650  \0$aChild development.
=650  \0$aSocial justice$zUnited States.
=655  \7$aPanel discussion.$2nyu-hidvl
=710  2\$aHemispheric Institute Digital Video Library.
=830  \0$aHip-Hop Theater Festival (Hi-ARTS)
=856  40$uhttp://hdl.handle.net/2333.1/wm37pz1w

