=LDR  02836ngm a2200421   4500
=001  004190982
=005  20160613122316.0
=006  m\\\\\\\\c\\\\\\\\
=007  cr\cna|||m|||a
=007  cr\|||||||||||
=008  150928e20101012nyu132\\\\\\\\s\\\vleng\d
=024  7\$aHI2014_010_01$2nyu-hidvl
=024  7\$aHI2014_011_01$2nyu-hidvl
=024  7\$aHI2014_012_01$2nyu-hidvl
=040  \\$aNNU$beng$cNNU
=041  0\$aeng
=245  00$aB Satz All Starz$h[videorecording].
=260  \\$c2010 Oct. 12.
=300  \\$3viewing copy.$astreaming video (131 min., 57 sec.: pt.1: 61 min., 8 sec.; pt.2: 57 min., 56 sec.; pt.3: 12 min., 53 sec.) :$bsd., col.
=490  1\$aHip Hop Theater Festival
=500  \\$aPart of the Hemispheric Institute Digital Video Library.
=500  \\$aTitle supplied by the Hemispheric Institute.
=511  1\$aJohn Forte, Blitz The Ambassador, Tarrah Reynolds, Bajah And The Dry Eye Crew, and Shasta Geaux Pop, performers.
=518  \\$aPerformed at Joe's Pub, 425 Lafayette St., NYC, on October 12, 2010.
=520  \\$aLegendary bass player Brian ‘B. Satz’ Satz, along with his talented band, come together as B.Satz All Stars for a thrilling performance at the famous Joe’s Pub. Artists John Forte, Blitz the Ambassador, Tarrah Reynolds, Bajah and The Dry Eye Crew are only a few of the talented musicians who take the stage in this entertaining concert that keeps the audience on its feet. From Sierra Leone to Atlanta, from Brooklyn to the Bay, B. Satz’s wide-ranging musical interests and global influences are felt by everyone in the house.
=520  \\$aHip-Hop Theater Festival is dedicated to presenting and showcasing theater written by and about the Hip-Hop generation. Since 2004, its creators have worked with emerging and established artists to develop work that broadens conversations around Hip-Hop on a global scale. Dedicated to inciting dialogue and social change, HHTF recognizes the power of Hip-Hop and the power of theater as a medium. For a culture whose impact can be seen and felt around the globe, Hip-Hop Theater Festival works to shine light on the diversity and innovation within the world of Hip-Hop.
=534  \\$pMedia source original:$e3 videocassettes (Mini DV) : sd., col. ; 1/4 in. SP.$mPanasonic ME DVM60
=540  \\$aThere are copyright restrictions on this collection. For more information, go to the online version of this video.
=546  \\$aIn English.
=650  \0$aMusic$xPolitical aspects.
=650  \0$aWorld music.
=655  \7$aHip-Hop theater.$2nyu-hidvl
=655  \7$aTheater.$2nyu-hidvl
=655  \7$aPerformance art.$2nyu-hidvl
=710  2\$aHemispheric Institute Digital Video Library.
=830  \0$aHip-Hop Theater Festival (Hi-ARTS)
=856  40$uhttp://hdl.handle.net/2333.1/189321n2

