=LDR  05817cgm a2200541 a 4500
=001  003807804
=005  20151201104947.0
=006  m\\\\\\\\c\\\\\\\\
=007  cr\cna|||m|||a
=007  cr\|||||||||||
=008  130823e20111014nyu129\\\\\\\\s\\\vleng\d
=024  7\$aHI2012_044_01$2nyu-hidvl
=024  7\$aHI2012_045_01$2nyu-hidvl
=024  7\$aHI2012_046_01$2nyu-hidvl
=040  \\$aNNU$beng$cNNU
=041  0\$aeng$aspa
=043  \\$as-ck---
=245  00$aWitness to the ruins$h[videorecording] :$ba lecture-performance with Mapa Teatro /$cColumbia University, producer ; Heidi Abderhalden, Rolf Abderhalden, Fundación Mapa Teatro, creators and directors.
=260  \\$c2011 Oct. 14.
=300  \\$3viewing copy.$astreaming videos (128 min., 50 sec.: pt.1: 62 min., 29 sec.; pt.2: 56 min., 53 sec.; pt.3: 9 min., 28 sec.) :$bsd., col.
=490  1\$aMapa Teatro : Laboratorio de Artistas collection
=546  \\$aIncludes English and Spanish.
=500  \\$aTitle supplied by Hemispheric Institute.
=500  \\$aPart of the Hemispheric Institute Digital Video Library.
=518  \\$aPerformed and recorded at the Miller Theater and Wood Avery Auditorium at Columbia University in New York City on October 14, 2011, as part of the conference "Injured Cities : Urban Afterlives" held on October 14-15, 2011, hosted by Columbia University's Center for the Critical Analysis of Social Difference.
=511  0\$aDiana Taylor, Andreas Huyssen, commentators.
=520  \\$aThis video recording broadcasts the presentation of archival documentation of ‘Witness of the Ruins’ by the Colombian collective Mapa Teatro as part of ‘Injured Cities: Urban Afterlives Conference,’ hosted by the Center for the Critical Analysis of Social Difference at Columbia University. This conference, convened on the tenth anniversary of the events of September 11, 2001, aimed to explore the effects of catastrophe on cities and their inhabitants, to analyze the politics of shock and terror states use in response to their vulnerability, and to imagine more life-affirming modes of redress and re-invention. Mapa Teatro’s performance/lecture compiles personal and group experiences lived while working on four projects (Prometheus, Run-throughs, The Cleaning of the Stables of Augeas, and Witness to the Ruins) inspired and materialized during the gentrification process of the neighborhood of El Cartucho in Bogota. The many layers of archive and memory are embodied through the voices and bodies of Mapa Teatro’s directors, Rolf and Heidi Abderhalden, who show a ghostly screening of the documentation that remained after each project was created and performed, and remember the impact that they had on the families, the spectators, and themselves. The entire experience was possible because of the bonds established with the inhabitants of the neighborhood as well as the interest in creating a moving memorial monument against ‘the architecture of the emptiness.’
=520  \\$aAfter presenting the fourth project, Rolf and Heidi sit down just to witness the last archive images displaying news about the new spaces that El Cartucho’s people are trying to occupy and the empty park built on the territory where the neighborhood was. In a constant reactivation of the archive, they insert themselves in the process of remembering what they do not want to forget: the living memory of human beings that cannot be erased. Q&A and comments by Diana Taylor and Andreas Huyssen accompany this performance/lecture.
=520  \\$aOne of the foremost artistic companies in Colombia, Mapa Teatro (www.mapateatro.org) has been producing theater, performance and art installation projects since 1984. Founders and directors, Rolf and Heidi Abderhalden have created a wide ranging repertoire of theater, opera, mixed-media performance, and site-specific installation.Their work proposes richly textured visual metaphors in which they consider often complex psychological, social and political relationships. Committed to experimentation, and less interested in the actor as an 'agent of fiction,' they describe their project as 'a laboratory of social imagination,' that offers a space for presenting community issues and human concerns in media and performance. This combination of real-life situations and sites along with highly stylized aesthetic staging produces a tension between real action and (re)presentation. Mapa Teatro draws from live events captured on video such as the demolition of a neighborhood in Bogotá, ritual practice, and texts that explore the relationship of postmodern subjects, myth and metaphor. Mapa Teatro has performed by commissions, festivals and collaborative projects world-wide.
=534  \\$pMedia source original:$e3 videocassettes of 3 (Mini DV) : sd., col. ; 1/4 in. SP.$mSony Premium DVM60-ME
=540  \\$aThere are copyright restrictions on this collection. For more information, go to the online version of this video.
=650  \0$aTheater$zColumbia$zBogotá.
=650  \0$aGentrification$zColumbia$zBogotá.
=650  \0$aMemory$xSocial aspects$zColumbia$zBogotá.
=651  \0$aEl Cartucho (Bogotá, Colombia)
=655  \7$aPerformance.$2nyu-hidvl
=655  \7$aLecture.$2nyu-hidvl
=700  1\$aAbderhalden, Heidi.$4cre$4drt
=700  1\$aAbderhalden, Rolf.$4cre$4drt
=700  1\$aTaylor, Diana,$d1950-$4cmm
=700  1\$aHuyssen, Andreas.$4cmm
=710  2\$aMapa Teatro.$4cre$4drt
=710  2\$aColumbia University.$4pro
=710  2\$aColumbia University.$bCenter for the Critical Analysis of Social Difference.$4hst
=710  2\$aHemispheric Institute Digital Video Library.
=830  \0$aMapa Teatro : Laboratorio de Artistas collection.
=856  40$uhttp://hdl.handle.net/2333.1/4j0zpfhv

