=LDR  04431cgm a2200505 a 4500
=001  003807593
=005  20140421221853.0
=006  m\\\\\\\\c\\\\\\\\
=007  cr\cna|||m|||a
=007  cr\|||||||||||
=008  130822e20111018nyu040\\\\\\\\s\\\vlspa\d
=024  7\$aHI2012_040_01$2nyu-hidvl
=040  \\$aNNU$beng$cNNU
=041  0\$aspa
=043  \\$as-ck---
=245  00$aInterview with Mapa Teatro$h[videorecording] /$cHemispheric Institute of Performance and Politics, producer.
=246  30$aMapa Teatro
=260  \\$c2011 Oct. 18.
=300  \\$3viewing copy.$astreaming video (39 min., 49 sec.) :$bsd., col.
=490  1\$aMapa Teatro : Laboratorio de Artistas collection
=546  \\$aIn Spanish.
=500  \\$aTitle supplied by Hemispheric Institute.
=500  \\$aPart of the Hemispheric Institute Digital Video Library.
=518  \\$aRecorded at the Hemispheric Institute of Performance and Politics in New York City on October 18, 2011.
=511  1\$aRolf Abderhalden , Heidi Abderhalden, interviewees ; Diana Taylor, interviewer.
=520  \\$aInterview with Rolf Abderhalden and Heidi Abderhalden, founders and directors of Mapa Teatro, conducted by Diana Taylor, founding director of the Hemispheric Institute of Performance and Politics. This interview is focused on the production, organization, theoretical conceptualization, and the experience of the project ‘Witness to the Ruins,’ created by Mapa Teatro in collaboration with former inhabitants of the neighborhood Santa Inés del Cartucho, Bogotá. The conversation discusses the notion of ‘archive’ propelled by this project, which has become a mobile memory for the city. Mapa Teatro’s work subverts and questions the inflexible coherence that an archive usually imposes to memory. During the gentrification process of Bogotá, El Cartucho’s human side was forgotten under the idea of urban progress; Mapa Teatro’s work intends to recover the memories of the citizens evicted from their neighborhood, emphasizing the role of the body as the space where remembering and forgetting become a present experience. In this way, body and presence remove themselves from the archive, and become the living voice of memory.
=520  \\$aOne of the foremost artistic companies in Colombia, Mapa Teatro (www.mapateatro.org) has been producing theater, performance and art installation projects since 1984. Founders and directors, Rolf and Heidi Abderhalden have created a wide ranging repertoire of theater, opera, mixed-media performance, and site-specific installation. Their work proposes richly textured visual metaphors in which they consider often complex psychological, social and political relationships. Committed to experimentation, and less interested in the actor as an 'agent of fiction,' they describe their project as 'a laboratory of social imagination,' that offers a space for presenting community issues and human concerns in media and performance. This combination of real-life situations and sites along with highly stylized aesthetic staging produces a tension between real action and (re)presentation. Mapa Teatro draws from live events captured on video such as the demolition of a neighborhood in Bogotá, ritual practice, and texts that explore the relationship of postmodern subjects, myth and metaphor. Mapa Teatro has performed by commissions, festivals and collaborative projects world-wide.
=534  \\$pMedia source original:$e1 videocassette of 1 (VHS) : sd., col. ; 1/2 in. SP.$mSony Premium DVM60-ME
=540  \\$aThere are copyright restrictions on this collection. For more information, go to the online version of this video.
=600  10$aAbderhalden, Rolf$vInterviews.
=600  10$aAbderhalden, Heidi$vInterviews.
=610  20$aMapa Teatro$vInterviews.
=650  \0$aTheater$zColumbia$zBogotá.
=650  \0$aPerforming arts$zColumbia$zBogotá.
=650  \0$aTheater and society$zColumbia$zBogotá.
=655  \7$aInterview.$2nyu-hidvl
=700  1\$aAbderhalden, Rolf.$4ive
=700  1\$aAbderhalden, Heidi.$4ive
=700  1\$aTaylor, Diana,$d1950-$4ivr
=710  2\$aMapa Teatro.$4ive
=710  2\$aHemispheric Institute of Performance and Politics.$4pro
=710  2\$aHemispheric Institute Digital Video Library.
=830  \0$aMapa Teatro : Laboratorio de Artistas collection.
=856  40$uhttp://hdl.handle.net/2333.1/69p8d0zt

