=LDR  03645cgm a2200517 a 4500
=001  003674785
=004  003674785
=005  20121012184601.0
=006  m\\\\\\\\z\\\\\\\\
=007  vd\cvaizu
=007  cr\cna|||m|||a
=007  cr\|||||||||||
=007  vd\cvaizu
=008  121012e20110526cr\005\\\\\\\\\\\\vlspa\d
=024  7\$aHI2011_032_01$2nyu-hidvl
=024  7\$aHI2011.032_01$2nyu-hidvl
=040  \\$aNNU$beng$cNNU
=041  0\$aspa
=245  00$aInterview with Anabelle Contreras Castro$h[videorecording].
=246  30$aAnabelle Contreras Castro
=260  \\$c2011 May 26.
=300  \\$3viewing copy.$a1 videodisc of 1 (DVD) (4 min., 23 sec.) :$bsd., col. ;$c4 3/4 in.
=490  1\$aInterview series : What is performance studies?
=546  \\$aIn Spanish.
=500  \\$aTitle supplied by Hemispheric Institute.
=500  \\$aPart of the Hemispheric Institute Digital Video Library.
=518  \\$aFilmed in San José, Costa Rica, on May 26, 2011.
=508  \\$aHemispheric Institute of Performance and Politics, producer.
=511  1\$aAnabelle Contreras Castro, interviewee ; Diana Taylor, interviewer.
=520  \\$aInterview with Anabelle Contreras Castro, conducted by Diana Taylor, founding director of the Hemispheric Institute of Performance and Politics. This interview is a part of a series curated by the Hemispheric Institute, articulated around the question 'What is Performance Studies?' The series aims to provide a multifaceted approach to the often difficult task of defining the coordinates of both a field of academic study as well as a lens through which to assess and document cultural practice and embodied behavior. The contingent definitions documented in this series are based on the groundbreaking experiences and the scholarly endeavors of renowned figures in contemporary performance studies and practice.
=520  \\$aAnabelle Contreras Castro did her undergraduate work in Anthropology at the University of Costa Rica and went on to complete her MA and PhD in Latin American Studies at the Freie Universitaet Berlin. She has participated as a guest researcher at the Freie Universitaet Berlin, and in various programs financed by the DAAD (German Service for Academic Exchange), and the Max Plank Institute, as well as in numerous international workshops, conferences, and seminars. She is a professor at the School for Scenic Arts and the coordinator of the Interdisciplinary doctorate of Central American Arts and Letters at the National University of Costa Rica. She is also a dramaturge on the independent theater group Abya Yala. Her research and investigations have developed in the areas of identities in Central America, youth cultures, gender, popular culture and media.
=530  \\$aAlso available online as streaming video.
=534  \\$pMedia source original:$e1 videocassette of 1 (Mini DV) : sd., col. ; 1/4 in. SP.$mPanasonic DVM60.
=540  \\$aThere are copyright restrictions on this collection. For more information, go to the online version of this video.
=600  10$aContreras Castro, Anabelle$vInterviews.
=650  \0$aPerforming arts$xStudy and teaching.
=653  \\$aPerformance studies.
=655  \7$aInterview.$2nyu-hidvl
=700  1\$aContreras Castro, Anabelle.$4ive
=700  1\$aTaylor, Diana,$d1950-$4ivr
=710  2\$aHemispheric Institute of Performance and Politics.$4pro
=710  2\$aHemispheric Institute Digital Video Library.
=830  \0$aInterview series : What is performance studies?
=856  40$uhttp://hdl.handle.net/2333.1/fttdz1qb

