=LDR  04337cgm a2200529 a 4500
=001  003674813
=004  003674813
=005  20121012184556.0
=006  m\\\\\\\\z\\\\\\\\
=007  vd\cvaizu
=007  cr\cna|||m|||a
=007  cr\|||||||||||
=007  vd\cvaizu
=008  121012e20111215nyu026\\\\\\\\\\\\vlspa\d
=024  7\$aHI2012_021_01$2nyu-hidvl
=024  7\$aHI2012.021_01$2nyu-hidvl
=040  \\$aNNU$beng$cNNU
=041  0\$aspa
=245  00$aInterview with Diamela Eltit$h[videorecording].
=246  30$aDiamela Eltit
=246  3\$aEntrevista con Diamela Eltit
=260  \\$c2011 Dec. 15.
=300  \\$3viewing copy.$a1 videodisc of 1 (DVD) (25 min., 53 sec.) :$bsd., col. ;$c4 3/4 in.
=490  1\$aInterview series : What is performance studies?
=546  \\$aIn Spanish.
=500  \\$aTitle supplied by Hemispheric Institute.
=500  \\$aPart of the Hemispheric Institute Digital Video Library.
=518  \\$aFilmed in New York City at the Hemispheric Institute of Performance and Politics on December 15, 2011.
=508  \\$aHemispheric Institute of Performance and Politics, producer.
=511  1\$aDiamela Eltit, interviewee ; Diana Taylor, interviewer.
=520  \\$aInterview with Diamela Eltit, conducted by Diana Taylor, founding director of the Hemispheric Institute of Performance and Politics. This interview is a part of a series curated by the Hemispheric Institute, articulated around the question 'What is Performance Studies?' The series aims to provide a multifaceted approach to the often difficult task of defining the coordinates of both a field of academic study as well as a lens through which to assess and document cultural practice and embodied behavior. The contingent definitions documented in this series are based on the groundbreaking experiences and the scholarly endeavors of renowned figures in contemporary performance studies and practice.
=520  \\$aDiamela Eltit is a distinguished Chilean performance artist, novelist and cultural critic. Winner of the Guggenheim Fellowship and numerous other awards and appointments, Eltit was a member of the acclaimed Colectivo de Acciones de Arte (CADA), a Chilean activist group of artists who used performance to challenge Pinochet's dictatorship in Chile. She has been an important cultural presence during the years of the post-dictatorship through her participation in journals such as the Revista de Crítica Cultural. Both as an artist and a critic, Eltit's work constitutes an important contribution to feminist theory and cultural debates. In 2000, she published 'Emergencias: Escritos sobre literatura, arte y política,' a book of essays which brings together some of her literary and cultural criticism. Her narrative work includes 'Lumpérica' (1983), 'Por la patria' (1986), 'El padre mío' (1989), 'El infarto del alma' (with photographer Paz Errázuriz [1994]), 'Mano de obra' (2002), 'Jamás el fuego nunca' (2007), and most recently 'Impuesto a la carne' (2010). Both individually and as a member of CADA, Diamela Eltit was one of the most important contributors to the 'Escena de Avanzada.' Eltit has also held positions as writer-in-residence at Brown University, Washington University in St. Louis, Columbia University, UC/Berkeley the University of Virginia, Stanford University and Johns Hopkins University. She is currently the Distinguished Global Professor of Creative Writing in Spanish at NYU.
=530  \\$aAlso available online as streaming video.
=534  \\$pMedia source original:$e1 videocassette of 1 (Mini DV) : sd., col. ; 1/4 in. SP.$mSony Premium DVM60-ME.
=540  \\$aThere are copyright restrictions on this collection. For more information, go to the online version of this video.
=600  10$aEltit, Diamela,$d1949-$vInterviews.
=650  \0$aPerforming arts$xStudy and teaching.
=653  \\$aPerformance studies.
=655  \7$aInterview.$2nyu-hidvl
=700  1\$aEltit, Diamela,$d1949-$4ive
=700  1\$aTaylor, Diana,$d1950-$4ivr
=710  2\$aHemispheric Institute of Performance and Politics.$4pro
=710  2\$aHemispheric Institute Digital Video Library.
=830  \0$aInterview series : What is performance studies?
=856  40$uhttp://hdl.handle.net/2333.1/b2rbp150

