=LDR  03623ngm a2200493   4500
=001  004191882
=005  20151001162833.0
=006  m\\\\\\\\c\\\\\\\\
=007  cr\cna|||m|||a
=007  cr\|||||||||||
=008  151001e20110512nyu009\\\\\\\\s\\\vleng\d
=024  7\$aHI2014_106_01$2nyu-hidvl
=040  \\$aNNU$beng$cNNU
=041  0\$aeng
=043  \\$an-us-ny
=245  00$aHope$h[videorecording] /$cNicolás Dumit Estévez, Linda Mary Montano, creators.
=246  3\$aThree-day performance by Linda Mary Montano and Nicolás Dumit Estévez
=246  3\$a3-day performance by Linda Mary Montano and Nicolás Dumit Estévez
=260  \\$c2011 May 12.
=300  \\$3viewing copy.$astreaming video (8 min., 9 sec.) :$bsd., col.
=490  1\$aNicolás Dumit Estévez & Collaborators collection
=500  \\$aPart of the Hemispheric Institute Digital Video Library.
=500  \\$aTitle supplied by the Hemispheric Institute.
=508  \\$aAngelika Rinnhofer, videographer, editor ; Geoffrey Jones, post-edition.
=511  1\$aNicolás Dumit Estévez, Linda Mary Montano, performers.
=518  \\$aPerformed in the Bronx, NY, on May 12, 2011.
=520  \\$aLinda Mary Montano and Nicolas Dumit Estevez make themselves available for three days as walking billboards on which individuals and groups from different Bronx neighborhoods can write their hopes. Theartists toured various neighborhoods in the Bronx for three days and asked both groups and individuals to write messages of hope on their clothing. This performance was presented as part of ‘Born Again: A Lebanese-Dominican York is born again as a Bronxite’ and ‘Eight Artists Respond to Born Again,’ curated by Nicolás Dumit Estévez for Longwood Art Gallery/Bronx Council on The Arts.
=520  \\$aNicolás Dumit Estévez is an interdisciplinary artist working mainly in performance art and art-and-life experiences. He has exhibited and performed extensively in the US as well as internationally at venues such as madrid Abierto/ARCO, The IX Havana Biennial, PERFORMA 05 and 07, IDENSITAT, Prague Quadrennial, The Pontevedra Biennial, The Queens Museum of Art, MoMA, The MacDowell Colony, El Museo del Barrio, The Center for Book Arts, Longwood Arts Gallery/BCA, The Smithsonian National Museum of the American Indian, Franklin Furnace, and Lower Manhattan Cultural Council, among others. Residencies attended include P.S. 1/MoMA, Yaddo and the MacDowell Colony. He teaches at the Transart Institute in Berlin, Germany. Estévez is currently pursuing a Master in Theology and the Artsat Union Theological Seminary in New York. Born in Santiago de los Treinta Caballeros, Dominican Republic, he lives and works in the South Bronx.
=534  \\$pMedia source original:$e1 videocassette (Mini DV) : sd., col. ; 1/4 in. SP.$mSony Premium DVM60
=540  \\$aThere are copyright restrictions on this collection. For more information, go to the online version of this video.
=546  \\$aIn English.
=650  \0$aHope$xPolitical aspects.
=650  \0$aCommunity arts projects.
=651  \0$aBronx (New York, N.Y.)$xSocial aspects.
=650  \0$aPerformance art$zNew York (State)$zNew York.
=655  \7$aStreet intervention$2nyu-hidvl
=655  \7$aPerformance$2nyu-hidvl
=655  \7$aVideo art$2nyu-hidvl
=700  1\$aEstévez, Nicolás Dumit.$4cre$4prf
=700  1\$aMontano, Linda,$d1942-$4cre$4prf
=710  2\$aHemispheric Institute Digital Video Library.
=830  \0$aNicolás Dumit Estévez & Collaborators collection.
=856  40$uhttp://hdl.handle.net/2333.1/3ffbg9nk

