=LDR  04173cgm a2200517 a 4500
=001  003674308
=004  003674308
=005  20121012184720.0
=006  m\\\\\\\\z\\\\\\\\
=007  vd\cvaizu
=007  cr\cna|||m|||a
=007  cr\|||||||||||
=007  vd\cvaizu
=008  121010e20110529cr\014\\\\\\\\\\\\vlpor\d
=024  7\$aHI2011_028_01$2nyu-hidvl
=024  7\$aHI2011.028_01$2nyu-hidvl
=040  \\$aNNU$beng$cNNU
=041  0\$apor$aeng
=245  00$aInterview with Zeca Ligiéro$h[videorecording].
=246  30$aZeca Ligiéro
=260  \\$c2011 May 29.
=300  \\$3viewing copy.$a1 videodisc of 1 (DVD) (13 min., 4 sec.) :$bsd., col. ;$c4 3/4 in.
=490  1\$aInterview series : What is performance studies?
=546  \\$aIncludes Portuguese and English.
=500  \\$aTitle supplied by Hemispheric Institute.
=500  \\$aPart of the Hemispheric Institute Digital Video Library.
=518  \\$aFilmed in San José, Costa Rica, on May 29, 2011.
=508  \\$aHemispheric Institute of Performance and Politics, producer.
=511  1\$aZeca Ligiéro, interviewee ; Diana Taylor, interviewer.
=520  \\$aInterview with Zeca Ligiéro, conducted by Diana Taylor, founding director of the Hemispheric Institute of Performance and Politics. This interview is a part of a series curated by the Hemispheric Institute, articulated around the question 'What is Performance Studies?' The series aims to provide a multifaceted approach to the often difficult task of defining the coordinates of both a field of academic study as well as a lens through which to assess and document cultural practice and embodied behavior. The contingent definitions documented in this series are based on the groundbreaking experiences and the scholarly endeavors of renowned figures in contemporary performance studies and practice.
=520  \\$aZeca Ligiéro has a bachelor degree from the University of the State of Rio de Janeiro (1972), MA in Performance Studies, New York University (1988), Ph.D. in Performance Studies - New York University (1997. He is currently Associate Professor at the Federal University of Rio de Janeiro State and the curator of Augusto Boal Archive. He coordinates since 1998 the Center for the Study of Afro-Amerindian Performances-NEPAA. He directed Street people with Marise Nogueira, Mexico, 2001 and in Peru in 2002; Desabrigo by Antonio Fraga, Rio and BH, 2004; The clown black: the story of Benjamin de Oliveira, Brazil and Colombia, 2008, Noticias de las cosas pasadas Universidad Distrital de Bogotá, 2009. He set the video Installation and exhibition Zé Pelintra's interactive altar in Maine, Germany, in 2002 and, in Nova York, USA, 2003. He has published Afro-Amerindian Performance, 2007; Carmen Miranda: An Afro-Brazilian performance (Carmen Miranda: uma Afro-Brazilian performance, 2006); Malandro Divine: The Life and Legend of Ze Pelintra (Malandro divino: a vida e a lenda de Ze Pelintra, 2004); Theater from the Community, 2003; Introduction to Umbanda with Dandara Rodrigues, 2000; Umbanda Pace, Freedom and Cura (Umbanda: Peace, Liberdade e Cura) with Dandara Rodrigues, 1998; Introduction to Candomblé, 1995, Divine Inspiration from Benin to Bahia, University of New Mexico Press, Phyllis Galembo, editor, 1993.
=530  \\$aAlso available online as streaming video.
=534  \\$pMedia source original:$e1 videocassette of 1 (Mini DV) : sd., col. ; 1/4 in. SP.$mPanasonic DVM60.
=540  \\$aThere are copyright restrictions on this collection. For more information, go to the online version of this video.
=600  10$aLigiéro, Zeca,$d1950-$vInterviews.
=650  \0$aPerforming arts$xStudy and teaching.
=653  \\$aPerformance studies.
=655  \7$aInterview.$2nyu-hidvl
=700  1\$aLigiéro, Zeca,$d1950-$4ive
=700  1\$aTaylor, Diana,$d1950-$4ivr
=710  2\$aHemispheric Institute of Performance and Politics.$4pro
=710  2\$aHemispheric Institute Digital Video Library.
=830  \0$aInterview series : What is performance studies?
=856  40$uhttp://hdl.handle.net/2333.1/zw3r23sm

