=LDR  02615cgm a2200421 a 4500
=001  003756400
=005  20140421213857.0
=006  m\\\\\\\\c\\\\\\\\
=007  cr\cna|||m|||a
=007  cr\|||||||||||
=008  130605s2011\\\\bl\020\\\\\\\\s\\\vlpor\d
=024  7\$aHI2011_049_01$2nyu-hidvl
=040  \\$aNNU$beng$cNNU
=041  0\$apor
=043  \\$as-bl---
=245  00$aMuiraquitã II$h[videorecording] :$bacriando /$cZeca Ligiéro, director ; Núcleo de Estudos das Perfomances Afro-Ameríndias (NEPAA), producer.
=246  30$aAcriando
=260  \\$c2011.
=300  \\$3viewing copy.$a1 streaming video (19 min., 45 sec.) :$bsd., col.
=490  1\$aNEPAA-Núcleo de Estudos das Performances Afro-Ameríndias/Zeca Ligiéro collection
=546  \\$aIn Portuguese.
=500  \\$aTitle supplied by Hemispheric Institute.
=500  \\$aPart of the Hemispheric Institute Digital Video Library.
=518  \\$aRecorded in Rio Branco, Acre, Brazil, in 2011.
=508  \\$aLeo Bremmer, editor.
=520  \\$aMuiraquitã is a lucky amulet, a frog, representing knowledge and fertility in the Amerindian world. It names this project of artistic investigation on the Afro-Amerindian traditions by artist and researcher Zeca Ligiéro. The Muiraquitã II project was awarded the Residência Artística 2010 grant by FUNARTE/MINC. It documents the cultural life surrounding the forests of Acre and its conflicts.
=520  \\$aZeca Ligiéro is currently Associate Professor at the Federal University of Rio de Janeiro State and the curator of Augusto Boal Archive. He coordinates since 1998 the Center for the Study of Afro-Amerindian Performances-NEPAA, which is dedicated to promoting research, dissemination, and exchange with various cultures of African, Indigenous, and other non-hegemonic origin, and to studying their inter-relations within Brazil.
=534  \\$pMedia source original:$e1 videocassette of 1 (Mini DV) : sd., col. ; 1/4 in. SP.$mSony Premium DVM60-ME
=540  \\$aThere are copyright restrictions on this collection. For more information, go to the online version of this video.
=600  10$aLigiéro, Zeca,$d1950-
=651  \0$aAcre (Brazil)$xSocial life and customs.
=655  \7$aDocumentary$2nyu-hidvl
=700  1\$aLigiéro, Zeca,$d1950-$4drt
=710  2\$aNúcleo de Estudos das Performances Afro-Ameríndias.$4pro
=710  2\$aHemispheric Institute Digital Video Library.
=830  \0$aNEPAA-Núcleo de Estudos das Performances Afro-Ameríndias/Zeca Ligiéro collection.
=856  40$uhttp://hdl.handle.net/2333.1/v6wwq16t

