=LDR  03432cgm a2200445 a 4500
=001  003756376
=005  20140421214009.0
=006  m\\\\\\\\c\\\\\\\\
=007  cr\cna|||m|||a
=007  cr\|||||||||||
=008  130605e20110812mx\014\\\\\\\\s\\\vlpor\d
=024  7\$aHI2011_048_01$2nyu-hidvl
=040  \\$aNNU$beng$cNNU
=041  0\$apor
=245  00$aInterview with Beth Lopes$h[videorecording] /$cHemispheric Institute of Performance and Politics, producer.
=246  30$aBeth Lopes
=260  \\$c2011 Aug. 12.
=300  \\$3viewing copy.$a1 streaming video (13 min., 46 sec.) :$bsd., col.
=490  1\$aInterview series : What is performance studies?
=546  \\$aIn Portuguese.
=500  \\$aTitle supplied by Hemispheric Institute.
=500  \\$aPart of the Hemispheric Institute Digital Video Library.
=518  \\$aRecorded in San Cristóbal de Las Casas, Chiapas, Mexico, on August 12, 2011.
=511  1\$aBeth Lopes, interviewee ; Marcos Steuernagel , interviewer.
=520  \\$aInterview with Beth Lopes, conducted by Marcos Steuernagel, Special Collections Fellow at the Hemispheric Institute of Performance and Politics. This interview is a part of a series curated by the Hemispheric Institute, articulated around the question 'What is Performance Studies?' The series aims to provide a multifaceted approach to the often difficult task of defining the coordinates of both a field of academic study as well as a lens through which to assess and document cultural practice and embodied behavior. The contingent definitions documented in this series are based on the groundbreaking experiences and the scholarly endeavors of renowned figures in contemporary performance studies and practice.
=520  \\$aBeth Lopes is artistic director, researcher and professor at the graduate and postgraduate studies in Performing Arts, University of São Paulo. She has developed research and texts related to the creative process of the actor, drama and spectacle, on the following issues: incorporation, action, physical presence, memory, subjectivity and the grotesque. She completed two post-doctoral degrees: the first in Brazil, was on the presence of memory in contemporary spectacle; the second one was focused on the forms of performance art today, supervised by Richard Schechner at the Department of Performance Studies, NYU. She is founder and artistic director of Theatre Company in comics (1989) and more recently, part of Performa (2009). Her artistic proposal is recognized by the visceral work of the actors, the drama and the visual power of the presentations.
=530  \\$aAlso available online as streaming video.
=534  \\$pMedia source original:$e1 videocassette of 1 (Mini DV) : sd., col. ; 1/4 in. SP.$mSony Premium DVM60-ME
=540  \\$aThere are copyright restrictions on this collection. For more information, go to the online version of this video.
=600  10$aLopes, Beth$vInterviews.
=650  \0$aPerforming arts$xStudy and teaching.
=653  \\$aPerformance studies.
=655  \7$aInterview.$2nyu-hidvl
=700  1\$aLopes, Beth.$4ive
=700  1\$aSteuernagel, Marcos.$4ivr
=710  2\$aHemispheric Institute of Performance and Politics.$4pro
=710  2\$aHemispheric Institute Digital Video Library.
=830  \0$aInterview series : What is performance studies?
=856  40$uhttp://hdl.handle.net/2333.1/1g1jwvf3

