=LDR  03011cgm a2200445 a 4500
=001  003756384
=005  20140421213957.0
=006  m\\\\\\\\c\\\\\\\\
=007  cr\cna|||m|||a
=007  cr\|||||||||||
=008  130605e20110812mx\012\\\\\\\\s\\\vlspa\d
=024  7\$aHI2011_048_02$2nyu-hidvl
=040  \\$aNNU$beng$cNNU
=041  0\$aspa
=043  \\$an-mx---
=245  00$aInterview with Pancho López$h[videorecording] /$cHemispheric Institute of Performance and Politics, producer.
=246  30$aPancho López
=260  \\$c2011 Aug. 12.
=300  \\$3viewing copy.$a1 streaming video (11 min., 8 sec.) :$bsd., col.
=490  1\$aHemispheric Institute featured interviews
=546  \\$aIn Spanish.
=500  \\$aTitle supplied by Hemispheric Institute.
=500  \\$aPart of the Hemispheric Institute Digital Video Library.
=518  \\$aRecorded in San Cristóbal de Las Casas, Chiapas, Mexico, on August 12, 2011.
=511  1\$aPancho López, interviewee ; Diana Taylor, interviewer.
=520  \\$aIn this interview, conducted by Diana Taylor, founding director of the Hemispheric Institute of Performance and Politics, Pancho López talks about his beginnings and his experience in the field of performance art in Mexico. He describes the composition of his performances, and the metaphorical suggestions that they entail. He also discusses the reactions of the audience with regards his performances in public spaces, highlighting the fact that quotidian life is more complex than any performance.
=520  \\$aPancho López is a Mexican performance artist interested in every day life and how it connects with performance. He works at Museo Universitario del Chopo where he organized the Performagia International Performance Art Festival, and he is also director of Eject international videoperformance art festival presented since 2006 at Ex Teresa arte Actual. He has participated in shows and performance art festivals in Colombia, Chile, Canada, Uruguay, Venezuela, Dominican Republic, China, Spain, Portugal, Cuba and the United States of America. He currently interviews performance artists at the radio show perfoRadio, broadcasted in the Internet by www.ucradio.net.
=530  \\$aAlso available online as streaming video.
=534  \\$pMedia source original:$e1 videocassette of 1 (Mini DV) : sd., col. ; 1/4 in. SP.$mSony Premium DVM60-ME
=540  \\$aThere are copyright restrictions on this collection. For more information, go to the online version of this video.
=600  10$aLópez, Pancho$vInterviews.
=650  \0$aPerformance art$xPolitical aspects$zMexico.
=655  \7$aInterview.$2nyu-hidvl
=700  1\$aLópez, Pancho.$4ive
=700  1\$aTaylor, Diana,$d1950-$4ivr
=710  2\$aHemispheric Institute of Performance and Politics.$4pro
=710  2\$aHemispheric Institute Digital Video Library.
=830  \0$aHemispheric Institute featured interviews.
=856  40$uhttp://hdl.handle.net/2333.1/wpzgmv4b

