=LDR  03420cgm a2200517 a 4500
=001  003674760
=004  003674760
=005  20121012184656.0
=006  m\\\\\\\\z\\\\\\\\
=007  vd\cvaizu
=007  cr\cna|||m|||a
=007  cr\|||||||||||
=007  vd\cvaizu
=008  121012e20110526cr\010\\\\\\\\\\\\vlpor\d
=024  7\$aHI2011_029_01$2nyu-hidvl
=024  7\$aHI2011.029_01$2nyu-hidvl
=040  \\$aNNU$beng$cNNU
=041  0\$apor$aspa
=245  00$aInterview with Leda Martins$h[videorecording].
=246  30$aLeda Martins
=260  \\$c2011 May 26.
=300  \\$3viewing copy.$a1 videodisc of 1 (DVD) (9 min., 17 sec.) :$bsd., col. ;$c4 3/4 in.
=490  1\$aInterview series : What is performance studies?
=546  \\$aIncludes Portuguese and Spanish.
=500  \\$aTitle supplied by Hemispheric Institute.
=500  \\$aPart of the Hemispheric Institute Digital Video Library.
=518  \\$aFilmed in San José, Costa Rica, on May 26, 2011.
=508  \\$aHemispheric Institute of Performance and Politics, producer.
=511  1\$aLeda Martins, interviewee ; Diana Taylor, interviewer.
=520  \\$aInterview with Leda Martins, conducted by Diana Taylor, founding director of the Hemispheric Institute of Performance and Politics. This interview is a part of a series curated by the Hemispheric Institute, articulated around the question 'What is Performance Studies?' The series aims to provide a multifaceted approach to the often difficult task of defining the coordinates of both a field of academic study as well as a lens through which to assess and document cultural practice and embodied behavior. The contingent definitions documented in this series are based on the groundbreaking experiences and the scholarly endeavors of renowned figures in contemporary performance studies and practice.
=520  \\$aLeda Martins is a poet and a Professor of Dramatic Arts and Literature at Universidade Federal de Minas Gerais and in the Graduate Arts program at FALE/UFMG. She completed a Post-Doctorate in Performance Theories at New York University in 2000. Leda Martins also holds a doctorate in Comparative Literature from UFMG, and a Master of Arts from Indiana University. She has authored several books, published numerous essays and poems, and written many papers and articles. Selected publications include O moderno teatro de Corpo santo, UFMG Publishers/1991; A cena em sombras, Perspectiva Publishers/1995; Afrografias da memória, (1997); and Dias Anônimos, Sette Letras (1999).
=530  \\$aAlso available online as streaming video.
=534  \\$pMedia source original:$e1 videocassette of 1 (Mini DV) : sd., col. ; 1/4 in. SP.$mPanasonic DVM60.
=540  \\$aThere are copyright restrictions on this collection. For more information, go to the online version of this video.
=600  10$aMartins, Leda Maria$vInterviews.
=650  \0$aPerforming arts$xStudy and teaching.
=653  \\$aPerformance studies.
=655  \7$aInterview.$2nyu-hidvl
=700  1\$aMartins, Leda Maria.$4ive
=700  1\$aTaylor, Diana,$d1950-$4ivr
=710  2\$aHemispheric Institute of Performance and Politics.$4pro
=710  2\$aHemispheric Institute Digital Video Library.
=830  \0$aInterview series : What is performance studies?
=856  40$uhttp://hdl.handle.net/2333.1/v41ns39m

