=LDR  04164cgm a2200517 a 4500
=001  003674762
=004  003674762
=005  20121012184637.0
=006  m\\\\\\\\z\\\\\\\\
=007  vd\cvaizu
=007  cr\cna|||m|||a
=007  cr\|||||||||||
=007  vd\cvaizu
=008  121012e20110529cr\008\\\\\\\\\\\\vlspa\d
=024  7\$aHI2011_030_01$2nyu-hidvl
=024  7\$aHI2011.030_01$2nyu-hidvl
=040  \\$aNNU$beng$cNNU
=041  0\$aspa$aeng
=245  00$aInterview with Antonio Prieto Stambaugh$h[videorecording].
=246  30$aAntonio Prieto Stambaugh
=260  \\$c2011 May 29.
=300  \\$3viewing copy.$a1 videodisc of 1 (DVD) (7 min., 52 sec.) :$bsd., col. ;$c4 3/4 in.
=490  1\$aInterview series : What is performance studies?
=546  \\$aIncludes Spanish and English.
=500  \\$aTitle supplied by Hemispheric Institute.
=500  \\$aPart of the Hemispheric Institute Digital Video Library.
=518  \\$aFilmed in San José, Costa Rica, on May 29, 2011.
=508  \\$aHemispheric Institute of Performance and Politics, producer.
=511  1\$aAntonio Prieto Stambaugh, interviewee ; Diana Taylor, interviewer.
=520  \\$aInterview with Antonio Prieto Stambaugh, conducted by Diana Taylor, founding director of the Hemispheric Institute of Performance and Politics. This interview is a part of a series curated by the Hemispheric Institute, articulated around the question 'What is Performance Studies?' The series aims to provide a multifaceted approach to the often difficult task of defining the coordinates of both a field of academic study as well as a lens through which to assess and document cultural practice and embodied behavior. The contingent definitions documented in this series are based on the groundbreaking experiences and the scholarly endeavors of renowned figures in contemporary performance studies and practice.
=520  \\$aAntonio Prieto Stambaugh is a Mexican researcher and professor, focused on issues of performance, contemporary theatre, gender and queer studies. He is currently a full time professor at the Theatre Department of the Veracruzana University, and has previously been visiting lecturer at Stanford Univesity, researcher at El Colegio de Michoacán and director of the Center of Performing Arts Research of Yucatán (Centro de Investigaciones Escénicas de Yucatán of the state’s School of Higher Art Studies). He holds an MA in Performance Studies from New York University’s Tisch School of the Arts, and a PhD in Latin American Studies from the Faculty of Philosophy and Letters of Mexico’s National University (UNAM). He is member of Mexico’s National System of Researchers (SNI) and of the Hemispheric Institute’s Executive Board. He has published many essays on Chicano and Mexican performance art, as well as on issues of gender and border studies, in diverse anthologies and journals such as Cuadernos Americanos, Debate feminista, Gestos, Theatre Journal, Frontera norte, and Conjunto. Co-author with Yolanda Muñoz González of the book El teatro como vehículo de comunicación (Editorial Trillas, 1992). His most recent book is Jerzy Grotowski: miradas desde Latinoamérica, an anthology he edited, published by the Veracruzana University (2011).
=530  \\$aAlso available online as streaming video.
=534  \\$pMedia source original:$e1 videocassette of 1 (Mini DV) : sd., col. ; 1/4 in. SP.$mPanasonic DVM60.
=540  \\$aThere are copyright restrictions on this collection. For more information, go to the online version of this video.
=600  10$aPrieto Stambaugh, Antonio$vInterviews.
=650  \0$aPerforming arts$xStudy and teaching.
=653  \\$aPerformance studies.
=655  \7$aInterview.$2nyu-hidvl
=700  1\$aPrieto Stambaugh, Antonio.$4ive
=700  1\$aTaylor, Diana,$d1950-$4ivr
=710  2\$aHemispheric Institute of Performance and Politics.$4pro
=710  2\$aHemispheric Institute Digital Video Library.
=830  \0$aInterview series : What is performance studies?
=856  40$uhttp://hdl.handle.net/2333.1/qbzkh2s6

