=LDR  03640cgm a2200445 a 4500
=001  003756411
=005  20140421213811.0
=006  m\\\\\\\\c\\\\\\\\
=007  cr\cna|||m|||a
=007  cr\|||||||||||
=008  130605e20111212nyu012\\\\\\\\s\\\vlspa\d
=024  7\$aHI2011_050_01$2nyu-hidvl
=040  \\$aNNU$beng$cNNU
=041  0\$aspa
=245  00$aInterview with Rossana Reguillo$h[videorecording] /$cHemispheric Institute of Performance and Politics, producer.
=246  30$aRossana Reguillo
=260  \\$c2011 Dec. 12.
=300  \\$3viewing copy.$a1 streaming video (11 min., 16 sec.) :$bsd., col.
=490  1\$aInterview series : What is performance studies?
=546  \\$aIn Spanish.
=500  \\$aTitle supplied by Hemispheric Institute.
=500  \\$aPart of the Hemispheric Institute Digital Video Library.
=518  \\$aRecorded at the Hemispheric Institute in New York City on December 12, 2011.
=511  1\$aRossana Reguillo, interviewee ; Diana Taylor, interviewer.
=520  \\$aInterview with Rossana Reguillo, conducted by Diana Taylor, founding director of the Hemispheric Institute of Performance and Politics. This interview is a part of a series curated by the Hemispheric Institute, articulated around the question 'What is Performance Studies?' The series aims to provide a multifaceted approach to the often difficult task of defining the coordinates of both a field of academic study as well as a lens through which to assess and document cultural practice and embodied behavior. The contingent definitions documented in this series are based on the groundbreaking experiences and the scholarly endeavors of renowned figures in contemporary performance studies and practice.
=520  \\$aRossana Reguillo Cruz is a research professor in the Department of Sociocultural Studies at the Instituto de Estudios Superiores de Occidente, ITESO in Guadalajara, Mexico, where she coordinates the program of research in Sociocultural Studies. Her current areas of study include youth and urban culture, mass media, and cultural aspects of the relationship between communication and human rights. She has been a visiting professor at several Latin American universities and in Europe and the United States. Her publications include La construcción simbólica de la ciudad: Sociedad, desastre, comunicación (Guadalajara: Universidad Iberoamericana/ITESO, 1996); Ciudadano N: Crónicas de la diversidad, with an introduction by Carlos Monsiváis and a preface by Jean Franco (Guadalajara: ITESO, 1999); Estrategias del desencanto: La emergencia de culturas juveniles en Latinoamérica (Buenos Aires: Ed. Norma, 2000); and Horizontes fragmentados: Comunicación, cultura, pospolítica. El (des)orden global y sus figuras (Guadalajara: ITESO, 2005).
=530  \\$aAlso available online as streaming video.
=534  \\$pMedia source original:$e1 videocassette of 1 (Mini DV) : sd., col. ; 1/4 in. SP.$mSony Premium DVM60-ME
=540  \\$aThere are copyright restrictions on this collection. For more information, go to the online version of this video.
=600  10$aReguillo Cruz, Rossana$vInterviews.
=650  \0$aPerforming arts$xStudy and teaching.
=653  \\$aPerformance studies.
=655  \7$aInterview.$2nyu-hidvl
=700  1\$aReguillo Cruz, Rossana.$4ive
=700  1\$aTaylor, Diana,$d1950-$4ivr
=710  2\$aHemispheric Institute of Performance and Politics.$4pro
=710  2\$aHemispheric Institute Digital Video Library.
=830  \0$aInterview series : What is performance studies?
=856  40$uhttp://hdl.handle.net/2333.1/n5tb2t3w

