=LDR  04240cgm a2200481 a 4500
=001  003792497
=005  20140421214833.0
=006  m\\\\\\\\z\\\\\\\\
=007  vd\cvaizu
=007  cr\cna|||m|||a
=007  cr\|||||||||||
=008  130812e20111212nyu032\\\\\\\\\\\\vlspa\d
=024  7\$aHI2012_004_01$2nyu-hidvl
=040  \\$aNNU$beng$cNNU
=041  0\$aspa
=043  \\$acl-----
=245  00$aInterview with Rossana Reguillo$h[videorecording] :$b'Políticas de la Pasión' /$cHemispheric Institute of Performance and Politics, producer.
=246  30$aRossana Reguillo :$b'Políticas de la Pasión'
=246  30$aPolíticas de la Pasión
=260  \\$c2011 Dec. 12.
=300  \\$3viewing copy.$a1 videodisc of 1 (DVD) (31 min., 35 sec.) :$bsd., col. ;$c4 3/4 in.
=490  1\$aHemispheric Institute featured interviews
=546  \\$aIn Spanish.
=500  \\$aTitle supplied by Hemispheric Institute.
=500  \\$aPart of the Hemispheric Institute Digital Video Library.
=518  \\$aRecorded at the Hemispheric Institute in New York City on December 12, 2011.
=511  0\$aRossana Reguillo, interviewee ; Diana Taylor, interviewer.
=520  \\$aInterview with Rossana Reguillo, conducted by Diana Taylor, founding director of the Hemispheric Institute of Performance and Politics. In this interview, Professor Reguillo speaks about how fear, interplaying with other emotions like anger and hope, is structurally used by different governments to shape politics of passions. She maps recent historical events to analyze how state authorities control fears and hopes of citizens all over the Americas. She also analyzes the conflict between the Mexican government and the ‘narco’ criminal culture as the site where politics of passions strongly emerge. For her, these convulse relationships function as machines that produce uncertainties - the basis for political emotions. Examples such as the events of September 11 illustrate how fear and anger are attributed to certain subjects, who become the ‘monsters’ to be punished. Toward the end of the interview, Professor Reguillo speaks about current civil society movements of resistance, such as Occupy Wall Street, as new expressions of political passions, and the role of young citizens as the main actors for political participation.
=520  \\$aRossana Reguillo Cruz is a research professor in the Department of Sociocultural Studies at the Instituto de Estudios Superiores de Occidente, ITESO in Guadalajara, Mexico, where she coordinates the program of research in Sociocultural Studies. Her current areas of study include youth and urban culture, mass media, and cultural aspects of the relationship between communication and human rights. She has been a visiting professor at several Latin American universities and in Europe and the United States. Her publications include La construcción simbólica de la ciudad: Sociedad, desastre, comunicación (Guadalajara: Universidad Iberoamericana/ITESO, 1996); Ciudadano N: Crónicas de la diversidad, with an introduction by Carlos Monsiváis and a preface by Jean Franco (Guadalajara: ITESO, 1999); Estrategias del desencanto: La emergencia de culturas juveniles en Latinoamérica (Buenos Aires: Ed. Norma, 2000); and Horizontes fragmentados: Comunicación, cultura, pospolítica. El (des)orden global y sus figuras (Guadalajara: ITESO, 2005).
=530  \\$aAlso available online as streaming video.
=534  \\$pMedia source original:$e1 videocassette of 1 (Mini DV) : sd., col. ; 1/4 in. SP.$mPanasonic DVM60
=540  \\$aThere are copyright restrictions on this collection. For more information, go to the online version of this video.
=600  10$aReguillo Cruz, Rossana$vInterviews.
=650  \0$aEmotions$xPolitical aspects.
=651  \0$aLatin America$xPolitics and government
=655  \7$aInterview.$2nyu-hidvl
=700  1\$aReguillo Cruz, Rossana.$4ive
=700  1\$aTaylor, Diana,$d1950-$4ivr
=710  2\$aHemispheric Institute of Performance and Politics.$4pro
=710  2\$aHemispheric Institute Digital Video Library.
=830  \0$aHemispheric Institute featured interviews.
=856  40$uhttp://hdl.handle.net/2333.1/s7h44ks4

