=LDR  03403ngm  2200493   4500
=001  004094015
=005  20150202213901.0
=006  m\\\\\\\\c\\\\\\\\
=007  cr\cna|||m|||a
=007  cr\|||||||||||
=008  150118e20110503nyu083\\\\\\\\s\\\vleng\d
=024  7\$aHI2013_063_01$2nyu-hidvl
=024  7\$aHI2013_064_01$2nyu-hidvl
=040  \\$aNNU$beng$cNNU
=041  0\$aeng$aspa
=245  00$aUNIVERSES$h[videorecording] :$bartist talk /$cHemispheric Institute of Performance and Politics, producer ; Universes, creator.
=260  \\$c2011 May 3.
=300  \\$3viewing copy.$astreaming video (82 min., 15 sec.: pt.1: 61 min., 26 sec.; pt.2: 20 min., 49 sec.) :$bsd., col.
=490  1\$aUNIVERSES Collection
=500  \\$aTitle supplied by the Hemispheric Institute.
=500  \\$aPart of the Hemispheric Institute Digital Video Library.
=511  0\$aMildred Ruiz and Steven Sapp, presenters.
=518  \\$aRecorded at the Hemispheric Institute, New York City, on May 3, 2011.
=520  \\$aMildred Ruiz and Steven Sapp of Universes give an artist talk about their performance work. The artist talk begins with a live excerpted performance from Ameriville, following with a screening of the group’s trajectory. Since meeting each other at Bard College in upstate New York, Steven Sapp and Mildred Ruiz have always returned to the Bronx to find and to build a run down community. In response to seeing the crime, drug use, and violence in the Bronx, Steven and Mildred created ‘The Point’ community center, where Universes became a theatre group and began a journey of making performance work. The artist talk is followed by a Q&A with audience members.
=520  \\$aUniverses is a New York-based poetic theatre ensemble company of multi-disciplinary writers and performers who fuse poetry, theater, jazz, hip-hop, politics, down home blues, and Hispanic boleros to create moving, challenging and entertaining theatrical works. The group breaks traditional theatrical bounds to explore new ways of making theater. Founded in New York in 1996, the members of Universes came together in the urban poetry scene of the late 1990s. Through sessions at the New York Theatre Workshop and residencies with New WORLD Theater, their work is now internationally acclaimed. They have performed at venues throughout the United States and toured extensively world-wide.
=534  \\$pMedia source original:$e2 videocassettes (Mini DV) : sd., col. ; 1/4 in. SP.$mPanasonic ME DVM60
=540  \\$aThere are copyright restrictions on this collection. For more information, go to the online version of this video.
=546  \\$aIn English and Spanish.
=600  10$aRuiz, Mildred.
=600  10$aSapp, Steven.
=610  20$aUniverses (Performance group)
=650  \0$aTheater$xPolitical aspects
=650  \0$aCommunity theater$zNew York (State)$zNew York.
=651  \0$aBronx (New York, N.Y.)$xSocial conditions.
=655  \7$aArtist talk.$2nyu-hidvl
=655  \7$aAcademic presentation.$2nyu-hidvl
=700  1\$aRuiz, Mildred.$4pre
=700  1\$aSapp, Steven.$4pre
=710  2\$aUniverses (Performance group)$4cre
=710  2\$aHemispheric Institute of Performance and Politics.$4pro
=710  2\$aHemispheric Institute Digital Video Library.
=830  \0$aUNIVERSES Collection.
=856  40$uhttp://hdl.handle.net/2333.1/fbg79fzj

