=LDR  03297cgm a2200445 a 4500
=001  003756386
=005  20140421213930.0
=006  m\\\\\\\\c\\\\\\\\
=007  cr\cna|||m|||a
=007  cr\|||||||||||
=008  130605e20110812mx\011\\\\\\\\s\\\vlpor\d
=024  7\$aHI2011_048_03$2nyu-hidvl
=040  \\$aNNU$beng$cNNU
=041  0\$apor
=245  00$aInterview with Fabio Salvatti$h[videorecording] /$cHemispheric Institute of Performance and Politics, producer.
=246  30$aFabio Salvatti
=260  \\$c2011 Aug. 12.
=300  \\$3viewing copy.$a1 streaming video (10 min., 30 sec.) :$bsd., col.
=490  1\$aInterview series : What is performance studies?
=546  \\$aIn Portuguese.
=500  \\$aTitle supplied by Hemispheric Institute.
=500  \\$aPart of the Hemispheric Institute Digital Video Library.
=518  \\$aRecorded in San Cristóbal de Las Casas, Chiapas, Mexico, on August 12, 2011.
=511  1\$aFabio Salvatti, interviewee ; Marcos Steuernagel , interviewer.
=520  \\$aInterview with Fabio Salvatti, conducted by Marcos Steuernagel, Special Collections Fellow at the Hemispheric Institute of Performance and Politics. This interview is a part of a series curated by the Hemispheric Institute, articulated around the question 'What is Performance Studies?' The series aims to provide a multifaceted approach to the often difficult task of defining the coordinates of both a field of academic study as well as a lens through which to assess and document cultural practice and embodied behavior. The contingent definitions documented in this series are based on the groundbreaking experiences and the scholarly endeavors of renowned figures in contemporary performance studies and practice.
=520  \\$aFabio Salvatti is Assistant Professor at the Universidade Federal de Santa Catarina, Brazil, in the Program of Performing Arts. His research interests are focused on political activism and its relationship with theatricality. His investigation on activist pranks explores the political potential embedded in everyday life, as well as the symbolic constructions that could ignite political participation. Fabio Salvatti is also a theater director, and has worked mainly with two different theater companies: 'Kiwi Companhia de Teatro' and 'Cia EmCômodo Teatral.' With them, he has presented performances in Curitiba, São Paulo, Rio de Janeiro, Porto Alegre, Recife, Florianópolis, among other cities.
=530  \\$aAlso available online as streaming video.
=534  \\$pMedia source original:$e1 videocassette of 1 (Mini DV) : sd., col. ; 1/4 in. SP.$mSony Premium DVM60-ME
=540  \\$aThere are copyright restrictions on this collection. For more information, go to the online version of this video.
=600  10$aSalvatti, Fabio$vInterviews.
=650  \0$aPerforming arts$xStudy and teaching.
=653  \\$aPerformance studies.
=655  \7$aInterview.$2nyu-hidvl
=700  1\$aSalvatti, Fabio.$4ive
=700  1\$aSteuernagel, Marcos.$4ivr
=710  2\$aHemispheric Institute of Performance and Politics.$4pro
=710  2\$aHemispheric Institute Digital Video Library.
=830  \0$aInterview series : What is performance studies?
=856  40$uhttp://hdl.handle.net/2333.1/rxwdbtm0

