=LDR  03242cgm a2200517 a 4500
=001  003674783
=004  003674783
=005  20121012184618.0
=006  m\\\\\\\\z\\\\\\\\
=007  vd\cvaizu
=007  cr\cna|||m|||a
=007  cr\|||||||||||
=007  vd\cvaizu
=008  121012e20110526cr\008\\\\\\\\\\\\vlspa\d
=024  7\$aHI2011_031_01$2nyu-hidvl
=024  7\$aHI2011.031_01$2nyu-hidvl
=040  \\$aNNU$beng$cNNU
=041  0\$aspa
=245  00$aInterview with Javier Serna$h[videorecording].
=246  30$aJavier Serna
=260  \\$c2011 May 26.
=300  \\$3viewing copy.$a1 videodisc of 1 (DVD) (7 min., 49 sec.) :$bsd., col. ;$c4 3/4 in.
=490  1\$aInterview series : What is performance studies?
=546  \\$aIn Spanish.
=500  \\$aTitle supplied by Hemispheric Institute.
=500  \\$aPart of the Hemispheric Institute Digital Video Library.
=518  \\$aFilmed in San José, Costa Rica, on May 26, 2011.
=508  \\$aHemispheric Institute of Performance and Politics, producer.
=511  1\$aJavier Serna, interviewee ; Marcial Godoy-Anativia, interviewer.
=520  \\$aInterview with Javier Serna, conducted by Marcial Godoy, associate director of the Hemispheric Institute of Performance and Politics. This interview is a part of a series curated by the Hemispheric Institute, articulated around the question 'What is Performance Studies?' The series aims to provide a multifaceted approach to the often difficult task of defining the coordinates of both a field of academic study as well as a lens through which to assess and document cultural practice and embodied behavior. The contingent definitions documented in this series are based on the groundbreaking experiences and the scholarly endeavors of renowned figures in contemporary performance studies and practice.
=520  \\$aJavier Serna is Research Professor of Theater Studies and Cultural Practices in the Theater Department at the Autonomous University of Nuevo Leon. His publications include The Theater At The End of Modernity In Encyclopedia of Monterrey (Grijalbo), section editor of the 'Republic of Theater’ in Cat Step Theater Journal (Conaculta). He is a graduate of the London Drama Center, and teaches philosophical anthropology for the graduate school at UANL. He holds a doctorate in Performance Studies from New York University.
=530  \\$aAlso available online as streaming video.
=534  \\$pMedia source original:$e1 videocassette of 1 (Mini DV) : sd., col. ; 1/4 in. SP.$mPanasonic DVM60.
=540  \\$aThere are copyright restrictions on this collection. For more information, go to the online version of this video.
=600  10$aSerna, Javier$vInterviews.
=650  \0$aPerforming arts$xStudy and teaching.
=653  \\$aPerformance studies.
=655  \7$aInterview.$2nyu-hidvl
=700  1\$aSerna, Javier.$4ive
=700  1\$aGodoy-Anativia, Marcial.$4ivr
=710  2\$aHemispheric Institute of Performance and Politics.$4pro
=710  2\$aHemispheric Institute Digital Video Library.
=830  \0$aInterview series : What is performance studies?
=856  40$uhttp://hdl.handle.net/2333.1/kkwh7282

