=LDR  03586ngm  2200493   4500
=001  004094014
=005  20150202211849.0
=006  m\\\\\\\\c\\\\\\\\
=007  cr\cna|||m|||a
=007  cr\|||||||||||
=008  150118e20110104nyu093\\\\\\\\s\\\vleng\d
=024  7\$aHI2013_061_01$2nyu-hidvl
=024  7\$aHI2013_062_01$2nyu-hidvl
=040  \\$aNNU$beng$cNNU
=041  0\$aeng$aspa
=245  00$aAmeriville$h[videorecording] :$bdress rehearsal /$cUniverses, creator ; Chay Yew, director.
=260  \\$c2011 Jan. 4.
=300  \\$3viewing copy.$astreaming video (92 min., 55 sec.: pt.1: 62 min., 22 sec.; pt.2: 30 min., 33 sec.) :$bsd., col.
=490  1\$aUNIVERSES Collection
=500  \\$aPart of the Hemispheric Institute Digital Video Library.
=500  \\$aTitle supplied by the Hemispheric Institute.
=508  \\$aMorgan Jenness, dramaturg ; Brian Sidney Bembridge, set designer ; Russell Champa, lighting designer ; Benjamin Marcum, sound designer ; Universes, costume designer.
=511  1\$aSteven Sapp, Mildred Ruiz, Gamal Chasten, and Ninja (William Ruiz), performers.
=518  \\$aRecorded at The Public Theater, NYC, as part of the Under the Radar Festival on Jan. 4, 2011.
=520  \\$aUniverses is a New York-based poetic theatre ensemble company of multi-disciplinary writers and performers who fuse poetry, theater, jazz, hip-hop, politics, down home blues, and Hispanic boleros to create moving, challenging and entertaining theatrical works. The group breaks traditional theatrical bounds to explore new ways of making theater. Founded in New York in 1996, the members of Universes came together in the urban poetry scene of the late 1990s. Through sessions at the New York Theatre Workshop and residencies with New WORLD Theater, their work is now internationally acclaimed. They have performed at venues throughout the United States and toured extensively world-wide.
=520  \\$aIn this performance’s dress rehearsal, Universes sings the sorrows of poverty surrounding the American landscape with a focus on New Orleans and the aftermath of Hurricane Katrina. Song and movement are accompanied by vivid images and video projected on screen, commenting on issues of gentrification, natural disaster, class warfare, racial discrimination, and economic oppression. The piece also critiques the lack of healthcare coverage, religious hierarchy, and the wealthy in the States. Universes activates our political imagination, considering the possibility of artists, poets, and activists taking the places of government officials, where the common everyday person can work as an individual and as a part of a community.
=534  \\$pMedia source original:$e2 videocassettes (Mini DV) : sd., col. ; 1/4 in. SP.$mPanasonic ME DVM60
=540  \\$aThere are copyright restrictions on this collection. For more information, go to the online version of this video.
=546  \\$aIn English and Spanish.
=650  \0$aPoverty$zUnited States.
=650  \0$aGentrification$zUnited States.
=650  \0$aHurricane Katrina, 2005$xSocial aspects
=650  \0$aSocial status.
=650  \0$aMulticulturalism.
=650  \0$aJazz$xPolitical aspects.
=650  \0$aRap (Music)$xPolitical aspects.
=650  \0$aTheater$xPolitical aspects
=655  \7$aPerformance.$2nyu-hidvl
=700  1\$aYew, Chay.$4drt
=710  2\$aUniverses (Performance group)$4cre
=710  2\$aHemispheric Institute Digital Video Library.
=830  \0$aUNIVERSES Collection.
=856  40$uhttp://hdl.handle.net/2333.1/9kd51fgn

