=LDR  04994cgm a2200481 a 4500
=001  003802320
=005  20140421221556.0
=006  m\\\\\\\\c\\\\\\\\
=007  cr\cna|||m|||a
=007  cr\|||||||||||
=008  130822s2011\\\\bl\072\\\\\\\\s\\\vlpor\d
=024  7\$aHI2012_029_01$2nyu-hidvl
=040  \\$aNNU$beng$cNNU
=041  0\$apor
=043  \\$acl-----$as-bl---
=245  03$aViúvas$h[videorecording] :$bperformance sobre a ausência = Widows : performance about absence /$cCollective Creation by Tribo de Atuadores Ói Nóis Aqui Traveiz ; based on a play by Ariel Dorfman (collective creation).
=246  31$aWidows :$bperformance about absence
=260  \\$c2011.
=300  \\$3viewing copy.$astreaming video (71 min., 27 sec.) :$bsd., col.
=490  1\$aTribo de Atuadores Oi Nóis Aqui Traveiz collection
=546  \\$aIn Portuguese.
=500  \\$aTitle supplied by Hemispheric Institute.
=500  \\$aPart of the Hemispheric Institute Digital Video Library.
=518  \\$aPerformed in Porto Alegre, Brazil, in 2011.
=508  \\$aCharles Brito, light board operator ; Heloisa Cônsul, seamstress.
=511  1\$aJohann Alex de Souza, musician ; Tânia Farias, Paulo Flores, Eugênio Barboza, Marta Haas, Eduardo Cardoso, Caroline Vetori, Jorge Gil, Clélio Cardoso, Renan Leandro, Edgar Alves, Paula Carvalho, Sandra Steil, Roberto Corbo, Anelise Vargas, Alessandro Müller, Alex Pantera, Aline Ferraz, Karina Sieben, Letícia Virtuoso, Raquel Zepka, Paola Mallmann, Camila Alfonso de Almeida, Geison Burgedurf, Cléber Vinícius, performers ; Leila Carvalho, Mayura Matos, Daiane Marçal, André de Jesus, and Cleber Vinícius, substituting cast.
=520  \\$a'Widows, Performance about Absence' is part of the continuing theater research the Tribo de Atuadores Ói Nóis Aqui Traveiz has been undertaking on the imagery and recent history of Latin America. Using Ariel Dorfman and Tony Kushner’s Widows as a starting point, the Tribe continues its investigation into the ritual scene, within the trajectory of Teatro de Vivência (experiential theater). 'Widows' features women who fight for the right of knowing where are the men who were disappeared or killed by the military dictatorship that the country went through. It is an allegory about the events that took place in the last decades in Latin America, and the need to keep the memory of this time of horror alive, so that it does not repeat itself. Ói Nóis Aqui Traveiz’ Teatro de Vivência strives for an open and sincere relationship with the audience, in which actors and spectators share a common experience with the intensity of a unique event, capable of producing new modes of perception.
=520  \\$aBased in Porto Alegre, The Tribo de Atuadores Ói Nóis Aqui Traveiz was born in 1978 out of a desire for a radical renovation of the language of theatre. During the several years of their existence, they have created a personal aesthetics founded upon the authorial work of the actor, both on the stage and on the streets. Their venue, the Terreira da Tribo de Atuadores Ói Nóis Aqui Traveiz, works as a community theatre school, offering several free workshops open to the public. Their tribal organization is based on the principle of collective work, both in the creative process and in the maintenance of the space. For Ói Nóis Aqui Traveiz, theater is an instrument for both revealing and analyzing reality, and it's function is social — to contribute to the collective knowledge and to the improvement of the quality of life of the people. In a world marked by exclusion, marginalization, homogenization, by dehumanizing and barbaric efforts, they see it as their moral imperative to denounce injustice, sold opinions, authoritarianism, mediocrity and the erasing of memory. Ói Nóis sees theatre as an art of resistance, in the service of arts and politics, an art that does not fit the market patterns for ethics and aesthetics. Instead, they see theater as a way of life and as a vehicle for ideas: a theater that does not comment on life, but that takes part in it.
=534  \\$pMedia source original:$e1 digital video file.
=540  \\$aThere are copyright restrictions on this collection. For more information, go to the online version of this video.
=600  10$aDorfman, Ariel.$tViudas$vAdaptations.
=650  \0$aWar widows$zLatin America$xSocial conditions.
=650  \0$aDisappeared persons$zLatin America.
=650  \0$aDictatorship$zLatin America.
=650  \0$aTheater$xPolitical aspects$zBrazil.
=655  \7$aPerformance.$2nyu-hidvl
=655  \7$aTheater.$2nyu-hidvl
=655  \7$aCollective creation.$2nyu-hidvl
=710  2\$aOi Nóis Aqui Traveiz (Theater group : Porto Alegre, Rio Grande do Sul, Brazil)$4cre
=710  2\$aHemispheric Institute Digital Video Library.
=830  \0$aTribo de Atuadores Oi Nóis Aqui Traveiz collection.
=856  40$uhttp://hdl.handle.net/2333.1/hdr7sskd

