=LDR  04126cgm a2200541 a 4500
=001  003674815
=004  003674815
=005  20130731164554.0
=006  m\\\\\\\\z\\\\\\\\
=007  vd\cvaizu
=007  cr\cna|||m|||a
=007  cr\|||||||||||
=007  vd\cvaizu
=008  121012e20120105nyu018\\\\\\\\\\\\vlpor\d
=024  7\$aHI2012_022_01$2nyu-hidvl
=024  7\$aHI2012.022_01$2nyu-hidvl
=040  \\$aNNU$beng$cNNU
=041  0\$apor
=079  \\$a(OCoLC)878610573
=245  00$aInterview with João Gabriel Teixeira$h[videorecording].
=246  30$aJoão Gabriel Teixeira
=246  3\$aEntrevista con João Gabriel Teixeira
=260  \\$c2012 Jan. 5.
=300  \\$3viewing copy.$a1 videodisc of 1 (DVD) (17 min., 42 sec.) :$bsd., col. ;$c4 3/4 in.
=490  1\$aInterview series : What is performance studies?
=546  \\$aIn Portuguese.
=500  \\$aTitle supplied by Hemispheric Institute.
=500  \\$aPart of the Hemispheric Institute Digital Video Library.
=518  \\$aFilmed in New York City at the Hemispheric Institute of Performance and Politics on January 5, 2012.
=508  \\$aHemispheric Institute of Performance and Politics, producer.
=511  1\$aJoão Gabriel Teixeira, interviewee ; Marcos Steuernagel, interviewer.
=520  \\$aInterview with João Gabriel Teixeira, conducted by Marcos Steuernagel, Special Collections Fellow at the Hemispheric Institute of Performance and Politics. This interview is a part of a series curated by the Hemispheric Institute, articulated around the question 'What is Performance Studies?' The series aims to provide a multifaceted approach to the often difficult task of defining the coordinates of both a field of academic study as well as a lens through which to assess and document cultural practice and embodied behavior. The contingent definitions documented in this series are based on the groundbreaking experiences and the scholarly endeavors of renowned figures in contemporary performance studies and practice.
=520  \\$aJoão Gabriel Lima Cruz Teixeira graduated in Social Sciences at Universidade Federal da Bahia (1968); he also holds a Master in Interamerican Studies from the University of Miami (1970), and a Doctorate in Sociology from the University of Sussex (1984). He is currently Associated Professor II at Universidade de Brasília. He finished post-graduate programs at the New School for Social Research, New York (1993-1994), and the Maison des Sciences de l'Homme, Paris Nord (2003-2004). Professor Teixeira works on Sociology of Art, with emphasis in theory and practice of performance. His research interests include performance and identity, culture, art, theater, and education. He has edited, with Letícia Vianna, the book ‘As artes populares no planalto central: performance e identidade’ (2010), and has recently published ‘Brasília 50 anos: arte e cultura’ (2011), where he reflects upon the capital city of Brazil. His work is based not only on the analysis of social indicators, but also on productive conversations with cultural figures born and/or raised in Brasilia, to propose questions about the relationship between society and its artistic representations.
=530  \\$aAlso available online as streaming video.
=534  \\$pMedia source original:$e1 videocassette of 1 (Mini DV) : sd., col. ; 1/4 in. SP.$mSony Premium DVM60-ME.
=540  \\$aThere are copyright restrictions on this collection. For more information, go to the online version of this video.
=600  10$aTeixeira, João Gabriel Lima Cruz$vInterviews.
=650  \0$aPerforming arts$xStudy and teaching.
=653  \\$aPerformance studies.
=655  \7$aInterview.$2nyu-hidvl
=700  1\$aTeixeira, João Gabriel Lima Cruz.$4ive
=700  1\$aSteuernagel, Marcos.$4ivr
=710  2\$aHemispheric Institute of Performance and Politics.$4pro
=710  2\$aHemispheric Institute Digital Video Library.
=830  \0$aInterview series : What is performance studies?
=856  40$uhttp://hdl.handle.net/2333.1/69p8d0pw

