=LDR  03913ngm a2200469   4500
=001  004191310
=005  20160616130238.0
=006  m\\\\\\\\c\\\\\\\\
=007  cr\cna|||m|||a
=007  cr\|||||||||||
=008  150929e20130116bl\---\\\\\\\\s\\\vlzxx\d
=024  7\$aHI2014_057_01$2nyu-hidvl
=040  \\$aNNU$beng$cNNU
=245  00$aArthur Aviles' Algo en la cocina$h[videorecording] /$cHemispheric Institute of Performance and Politics, producer ; Arthur Aviles, creator.
=246  30$aAlgo en la cocina
=260  \\$c2013 Jan. 16.
=300  \\$3viewing copy.$astreaming video :$bsd., col.
=500  \\$aTitle supplied by the Hemispheric Institute.
=500  \\$aPart of the Hemispheric Institute Digital Video Library.
=508  \\$aVictor Bautista, video editor.
=511  1\$aArthur Aviles, performer.
=518  \\$aPerformed at the SP Escola de Teatro, São Paulo, Brazil, on January 16, 2013.
=520  \\$a'Algo en la cocina,' by Arthur Aviles, was presented as a part of the 8th International Encuentro of the Hemispheric Institute of Performance and Politics. This Encuentro was held in January of 2013 - the year of Hemi’s 15th anniversary - in São Paulo, Brazil, under the title CITIES | BODIES | ACTION: The Politics of Passion in the Americas. This event brought together activism, scholarship, and art towards the exploration of urban sites as areas of coexistence, conflict, and collaboration. From the critical poetics of body art to the occupation of public space by social movements, the event invited participants to explore the borders, identities and practices through which subjectivities, hegemonies and counter-hegemonies are constructed in the spaces of the city and beyond. The vast array of performances, exhibits, roundtables, workshops, lectures and work groups of this Encuentro were particularly interested in the ways in which bodies both interpellate and are interpellated, mobilize and are mobilized, by and around the diverse and complex 'passions' that are so defining of our globalized and mediatized present - fear, hatred, disenchantment, hope and faith, among others.
=520  \\$aIn ‘Algo en la cocina,’ Arthur Aviles transits in-between the flux of the masculine and the feminine, and beyond. Dance movements that are delicate, precise, and strong at the same time, touch the flexible matter of which our bodies are made, and demonstrate that gender, sexuality, and eroticism are an invitation to enjoy life.
=520  \\$aArthur Aviles was born in Queens and grew up in Long Island and the Bronx. He received a B/A in Theatre/Dance from BARD college. He was a member of Bill T. Jones/Arnie Zane Dance Company from '87 to '95 and received a New York Dance and performance award (Bessie) in 1989. He founded his dance company Arthur Aviles Typical Theatre in '96. In '98, he along with Charles Rice-Gonzalez inaugurated a new performance space in the South Bronx. BAAD! - The Bronx Academy of Arts and Dance.
=534  \\$pMedia source original:$e[unknown]$m[brand unknown]
=540  \\$aThere are copyright restrictions on this collection. For more information, go to the online version of this video.
=546  \\$aNo dialogue.
=650  \0$aDance$xPolitical aspects.
=650  \0$aArts$xPolitical aspects.
=650  \0$aGender identity.
=650  \0$aMasculinity in art.
=650  \0$aArts$zNew York (N.Y.)$zBronx.
=653  \\$aBody politics.
=655  \7$aDance.$2nyu-hidvl
=655  \7$aPerformance.$2nyu-hidvl
=700  1\$aAviles, Arthur.$4cre
=710  2\$aHemispheric Institute of Performance and Politics.$4pro
=710  2\$aHemispheric Institute Digital Video Library.
=711  2\$aHemispheric Institute Encuentro$n(8th :$d2013 :$cSão Paulo, Brazil).$tCITIES | BODIES | ACTION : The politics of passion in the Americas.
=856  40$uhttp://hdl.handle.net/2333.1/p5hqc1zb

