=LDR  04999ngm a2200493   4500
=001  004191365
=005  20150929181537.0
=006  m\\\\\\\\c\\\\\\\\
=007  cr\cna|||m|||a
=007  cr\|||||||||||
=008  150929e20130112bl\---\\\\\\\\s\\\vlzxx\d
=024  7\$aHI2014_064_01$2nyu-hidvl
=040  \\$aNNU$beng$cNNU
=245  00$aCegos$h[videorecording] =$bBlind /$cHemispheric Institute of Performance and Politics, producer ; Marcelo Denny & Marcos Bulhões, artistic directors and coordinators.
=246  3\$aBlind
=260  \\$c2013 Jan. 12.
=300  \\$3viewing copy.$astreaming video :$bsd., col.
=500  \\$aTitle supplied by the Hemispheric Institute.
=500  \\$aPart of the Hemispheric Institute Digital Video Library.
=508  \\$aVictor Bautista, video editor.
=511  1\$aDesvio Coletivo and Coletivo Pi, performers.
=518  \\$aPerformed at the Sesc Vila Mariana - Praça Externa, São Paulo, Brazil, on January 12, 2013.
=520  \\$a'Cegos,' by Desvio Coletivo and Coletivo Pi, was presented as a part of the 8th International Encuentro of the Hemispheric Institute of Performance and Politics. This Encuentro was held in January of 2013 - the year of Hemi’s 15th anniversary - in São Paulo, Brazil, under the title CITIES | BODIES | ACTION: The Politics of Passion in the Americas. This event brought together activism, scholarship, and art towards the exploration of urban sites as areas of coexistence, conflict, and collaboration. From the critical poetics of body art to the occupation of public space by social movements, the event invited participants to explore the borders, identities and practices through which subjectivities, hegemonies and counter-hegemonies are constructed in the spaces of the city and beyond. The vast array of performances, exhibits, roundtables, workshops, lectures and work groups of this Encuentro were particularly interested in the ways in which bodies both interpellate and are interpellated, mobilize and are mobilized, by and around the diverse and complex ‘passions’ that are so defining of our globalized and mediatized present - fear, hatred, disenchantment, hope and faith, among others.
=520  \\$aDozens of male and female executives, dressed in business attire, carrying suitcases, bags, cell phones and documents, covered in mud, blindfolded, walk very slowly, blending in with passers-by, destabilizing the daily flow of the city’s financial and political center. Blind seeks to politically intervene in the city and provoke different readings.
=520  \\$aMarcos Bulhões is a director, researcher and professor of Theatre and Performance, focusing on methodological approaches to creation and training in contemporary stagecraft. Currently vice-coordinator of the Graduate Program of Theatre Arts at the School of Arts and Communication at USP, directing research in pedagogy of Theatre and Performance. He is also editor of the journal Sala Preta.
=520  \\$aMarcelo Denny, PhD, is a professor, visual artist, set designer and make-up designer. He teaches in the Department of Theatre Arts at the ECA-USP in the disciplines of ‘Make-Up and Characterization’ and ‘Performative Practices II’” as well as in ECA-USP’s Graduate Program, researching the uses of technology in contemporary theatre.
=520  \\$aDesvio Coletivo is a network of performance artists that explore the boundaries between theater, performance, dance, and visual and technological arts. The project aims to create multimedia relational spectacles, installations, site specific art, happenings, urban performances, Internet actions, and videographic experiments. desviocoletivo.wordpress.com Coletivo Pi is a group that works with theater and ‘intervention art.’ Pi is the symbol linked to circularity, to any spherical symmetry. We chose the circle as the most democratic form of distribution of people in the space. Everyone has the same position, everyone can see each other. www.coletivopi.com
=534  \\$pMedia source original:$e[unknown]$m[brand unknown]
=540  \\$aThere are copyright restrictions on this collection. For more information, go to the online version of this video.
=546  \\$aNo dialogue.
=650  \0$aBlind businesspeople$xPolitical aspects.
=650  \0$aBody painting$xPolitical aspects.
=650  \0$aMetropolitan areas$xPolitical aspects.
=653  \\$aUrban politics
=655  \7$aStreet performance$2nyu-hidvl
=655  \7$aIntervention$2nyu-hidvl
=655  \7$aPerformance$2nyu-hidvl
=700  1\$aDenny, Marcelo.$4ard
=700  1\$aBulhões, Marcos.$4ard
=710  2\$aHemispheric Institute of Performance and Politics.$4pro
=710  2\$aHemispheric Institute Digital Video Library.
=711  2\$aHemispheric Institute Encuentro$n(8th :$d2013 :$cSão Paulo, Brazil).$tCITIES | BODIES | ACTION : The politics of passion in the Americas.
=856  40$uhttp://hdl.handle.net/2333.1/kd51c7n0

