=LDR  03658ngm a2200433   4500
=001  004191364
=005  20150929180008.0
=006  m\\\\\\\\c\\\\\\\\
=007  cr\cna|||m|||a
=007  cr\|||||||||||
=008  150929e20130115bl\---\\\\\\\\s\\\vleng\d
=024  7\$aHI2014_063_01$2nyu-hidvl
=040  \\$aNNU$beng$cNNU
=041  0\$aeng
=245  00$aOn a queer day you can see forever - voz e violão$h[videorecording] /$cHemispheric Institute of Performance and Politics, producer ; Dan Fishback, creator.
=246  3\$aDan Fishback at Encuentro Trasnocheo
=260  \\$c2013 Jan. 15-18.
=300  \\$3viewing copy.$astreaming video :$bsd., col.
=500  \\$aPart of the Hemispheric Institute Digital Video Library.
=500  \\$aTitle supplied by the Hemispheric Institute.
=508  \\$aVictor Bautista, video editor.
=511  1\$aDan Fishback, performer.
=518  \\$aPerformed at the Sesc Vila Mariana - Sala Corpo e Artes, São Paulo, Brazil, on January 15, 16, 17, and 18, 2013.
=520  \\$a'On a Queer Day You Can See Forever - voz e violão,' by Dan Fishback, was presented as a part of the 8th International Encuentro of the Hemispheric Institute of Performance and Politics. This Encuentro was held in January of 2013 - the year of Hemi’s 15th anniversary - in São Paulo, Brazil, under the title CITIES | BODIES | ACTION: The Politics of Passion in the Americas. This event brought together activism, scholarship, and art towards the exploration of urban sites as areas of coexistence, conflict, and collaboration. From the critical poetics of body art to the occupation of public space by social movements, the event invited participants to explore the borders, identities and practices through which subjectivities, hegemonies and counter-hegemonies are constructed in the spaces of the city and beyond. The vast array of performances, exhibits, roundtables, workshops, lectures and work groups of this Encuentro were particularly interested in the ways in which bodies both interpellate and are interpellated, mobilize and are mobilized, by and around the diverse and complex ‘passions’ that are so defining of our globalized and mediatized present - fear, hatred, disenchantment, hope and faith, among others.
=520  \\$aDan Fishback sings songs from his past decade in the NYC anti-folk and queer performance art scenes, including songs from his musical 'The Material World' which Time Out NY called 'the best downtown musical in years.'
=520  \\$aDan Fishback has been writing and performing in New York City since 2003. His new pop musical, The Material World, was commissioned by Dixon Place for production in 2012. Also a performing songwriter, Fishback has developed a music career in the East Village's anti-folk scene. He is a 2012 Artist in Residency at the Hemispheric Institute. www.danfishback.com
=534  \\$pMedia source original:$e[unknown]$m[brand unknown]
=540  \\$aThere are copyright restrictions on this collection. For more information, go to the online version of this video.
=546  \\$aIn English.
=650  \0$aIdentity politics.
=650  \0$aMusic$xPolitical aspects.
=650  \0$aGender identity$vHumor.
=655  \7$aPerformance$2nyu-hidvl
=700  1\$aFishback, Dan.$4cre$4prf
=710  2\$aHemispheric Institute of Performance and Politics.$4pro
=710  2\$aHemispheric Institute Digital Video Library.
=711  2\$aHemispheric Institute Encuentro$n(8th :$d2013 :$cSão Paulo, Brazil).$tCITIES | BODIES | ACTION : The politics of passion in the Americas.
=856  40$uhttp://hdl.handle.net/2333.1/fn2z3750

