=LDR  03993ngm a2200469   4500
=001  004191368
=005  20151003210751.0
=006  m\\\\\\\\c\\\\\\\\
=007  cr\cna|||m|||a
=007  cr\|||||||||||
=008  150929e20130112bl\---\\\\\\\\s\\\vlspa\d
=024  7\$aHI2014_068_01$2nyu-hidvl
=040  \\$aNNU$beng$cNNU
=041  0\$aspa
=245  03$aLa Fulminante at Encuentro Trasnocheo$h[videorecording] /$cHemispheric Institute of Performance and Politics, producer ; Nadia Michelle Granados, La Fulminante, creator.
=246  3\$aFragmentos de Monólogo de Culo, Dale Papito, y La Chupada Antiimperialista
=260  \\$c2013 Jan. 12-19.
=300  \\$3viewing copy.$astreaming video :$bsd., col.
=500  \\$aTitle supplied by the Hemispheric Institute.
=500  \\$aPart of the Hemispheric Institute Digital Video Library.
=508  \\$aVictor Bautista, video editor.
=511  1\$aNadia Michelle Granados, La Fulminante, performer.
=518  \\$aPerformed at the SP Escola de Teatro, São Paulo, Brazil, on January 12-19, 2013.
=520  \\$aFragments of 'Monólogo de Culo, Dale Papito, y La Chupada Antiimperialista,' by Nadia Michelle Granados, La Fulminante, were presented as a part of the 8th International Encuentro of the Hemispheric Institute of Performance and Politics. This Encuentro was held in January of 2013 - the year of Hemi’s 15th anniversary - in São Paulo, Brazil, under the title CITIES | BODIES | ACTION: The Politics of Passion in the Americas. This event brought together activism, scholarship, and art towards the exploration of urban sites as areas of coexistence, conflict, and collaboration. From the critical poetics of body art to the occupation of public space by social movements, the event invited participants to explore the borders, identities and practices through which subjectivities, hegemonies and counter-hegemonies are constructed in the spaces of the city and beyond. The vast array of performances, exhibits, roundtables, workshops, lectures and work groups of this Encuentro were particularly interested in the ways in which bodies both interpellate and are interpellated, mobilize and are mobilized, by and around the diverse and complex ‘passions’ that are so defining of our globalized and mediatized present - fear, hatred, disenchantment, hope and faith, among others.
=520  \\$aNadia Michelle Granados performs live re-creations of audiovisual materials, playing with obscene language, sexual material, and emancipatory content. She touches on themes related to globalization, the anti-imperialist struggle, and against the model of power relations imposed by the machismo that is so ingrained in Latin America.
=520  \\$aNadia Michelle Granados, La Fulminante, is a Colombian artist interested in the arts of space, movement, and the body such as video, pornography, magic, installation, and performance. Her work is characterized by the resignification of content extracted from mass media, mixed with themes related to the antiglobalization struggle. www.lafulminante.com
=534  \\$pMedia source original:$e[unknown]$m[brand unknown]
=540  \\$aThere are copyright restrictions on this collection. For more information, go to the online version of this video.
=546  \\$aIn Spanish.
=650  \0$aWomen$xSexual behavior$xPolitical aspects.
=650  \0$aSex in art.
=650  \0$aPolitical violence$zColombia.
=653  \\$aBody politics.
=653  \\$aEmpowerment.
=655  \7$aPerformance art$2nyu-hidvl
=655  \7$aPerformance$2nyu-hidvl
=700  1\$aGranados, Nadia Michelle.$4cre$4prf
=710  2\$aHemispheric Institute of Performance and Politics.$4pro
=710  2\$aHemispheric Institute Digital Video Library.
=711  2\$aHemispheric Institute Encuentro$n(8th :$d2013 :$cSão Paulo, Brazil).$tCITIES | BODIES | ACTION : The politics of passion in the Americas.
=856  40$uhttp://hdl.handle.net/2333.1/3ffbg9mb

