=LDR  04124ngm a2200493   4500
=001  004191367
=005  20151003205929.0
=006  m\\\\\\\\c\\\\\\\\
=007  cr\cna|||m|||a
=007  cr\|||||||||||
=008  150929e20130116bl\---\\\\\\\\s\\\vlspa\d
=024  7\$aHI2014_067_01$2nyu-hidvl
=040  \\$aNNU$beng$cNNU
=041  0\$aspa
=245  00$aGonzalo Rabanal's Un ser dicho, para ser el nombre$h[videorecording] =$bA being said, to be a name /$cHemispheric Institute of Performance and Politics, producer ; Gonzalo Rabanal, creator.
=246  3\$aUn ser dicho, para ser el nombre
=246  31$aBeing said, to be a name
=260  \\$c2013 Jan. 16.
=300  \\$3viewing copy.$astreaming video :$bsd., col.
=500  \\$aTitle supplied by the Hemispheric Institute.
=500  \\$aPart of the Hemispheric Institute Digital Video Library.
=508  \\$aVictor Bautista, video editor.
=511  1\$aGonzalo Rabanal, Gonzalo León Rabanal, performers.
=518  \\$aPerformed at the Sesc Vila Mariana - Sala Corpo e Artes, São Paulo, Brazil, on January 16, 2013.
=520  \\$a'Un ser dicho, para ser el nombre,' by Gonzalo Rabanal, was presented as a part of the 8th International Encuentro of the Hemispheric Institute of Performance and Politics. This Encuentro was held in January of 2013 - the year of Hemi’s 15th anniversary - in São Paulo, Brazil, under the title CITIES | BODIES | ACTION: The Politics of Passion in the Americas. This event brought together activism, scholarship, and art towards the exploration of urban sites as areas of coexistence, conflict, and collaboration. From the critical poetics of body art to the occupation of public space by social movements, the event invited participants to explore the borders, identities and practices through which subjectivities, hegemonies and counter-hegemonies are constructed in the spaces of the city and beyond. The vast array of performances, exhibits, roundtables, workshops, lectures and work groups of this Encuentro were particularly interested in the ways in which bodies both interpellate and are interpellated, mobilize and are mobilized, by and around the diverse and complex ‘passions’ that are so defining of our globalized and mediatized present - fear, hatred, disenchantment, hope and faith, among others.
=520  \\$aThis work puts word and writing in relationship to each other as a violent act, by a man who never learned to read and write. The story tells of his desire to understand the spoken word. The son writes in the voice of his father and the father does the same, but on the body of the son, simultaneously: ‘The body, the father, and the son, like the stigma of not knowing.’
=520  \\$aGonzalo Rabanal studied Audio Visual Communication at the ARCOS Institute, where he began to develop a way of working that projects from individual to collective, opening up space for an expressive multiplicity. In 1989 he received a grant from the ANDES Foundation and in 2010 another from the Ford Foundation. He is currently pursuing a Master’s degree in Visual Art at the Pontificia Universidad Católica in Chile. http://rabanalgonzalo.blogspot.com/
=534  \\$pMedia source original:$e[unknown]$m[brand unknown]
=540  \\$aThere are copyright restrictions on this collection. For more information, go to the online version of this video.
=546  \\$aIn Spanish.
=650  \0$aFatherhood$xPolitical aspects.
=650  \0$aFamilies.
=650  \0$aFathers and sons in art.
=650  \0$aPerformance art$zChile.
=653  \\$aBody politics.
=653  \\$aCultural heritage.
=655  \7$aPerformance art$2nyu-hidvl
=655  \7$aPerformance$2nyu-hidvl
=700  1\$aRabanal, Gonzalo.$4cre$4prf
=710  2\$aHemispheric Institute of Performance and Politics.$4pro
=710  2\$aHemispheric Institute Digital Video Library.
=711  2\$aHemispheric Institute Encuentro$n(8th :$d2013 :$cSão Paulo, Brazil).$tCITIES | BODIES | ACTION : The politics of passion in the Americas.
=856  40$uhttp://hdl.handle.net/2333.1/zpc8698d

