=LDR  04216ngm a2200493   4500
=001  004191366
=005  20150929183820.0
=006  m\\\\\\\\c\\\\\\\\
=007  cr\cna|||m|||a
=007  cr\|||||||||||
=008  150929e20130114bl\---\\\\\\\\s\\\vleng\d
=024  7\$aHI2014_066_01$2nyu-hidvl
=040  \\$aNNU$beng$cNNU
=041  0\$aeng
=245  00$aVoodoo doll, or What if Haiti were a woman : On ti Travay sou 21 Pwen or An Alter(ed)native in Something Other than Fiction$h[videorecording] /$cHemispheric Institute of Performance and Politics, producer ; Gina Ulysse, creator.
=246  3\$aWhat if Haiti were a woman : on ti travay sou 21 pwen, or An alter(ed)native in something other than fiction
=246  3\$aGina Ulysse at Encuentro Trasnocheo
=260  \\$c2013 Jan. 14, 17.
=300  \\$3viewing copy.$astreaming video :$bsd., col.
=500  \\$aTitle supplied by the Hemispheric Institute.
=500  \\$aPart of the Hemispheric Institute Digital Video Library.
=508  \\$aVictor Bautista, video editor.
=511  1\$aGina Ulysse, performer.
=518  \\$aPerformed at the SP Escola de Teatro, São Paulo, Brazil, on January 14 and 17, 2013.
=520  \\$a'Voodoo Doll' or 'What If Haiti Were a Woman: On ti Travay sou 21 Pwen or An Alter(ed)native in Something Other than Fiction,' by Gina Ulysse, was presented as a part of the 8th International Encuentro of the Hemispheric Institute of Performance and Politics. This Encuentro was held in January of 2013 - the year of Hemi’s 15th anniversary - in São Paulo, Brazil, under the title CITIES | BODIES | ACTION: The Politics of Passion in the Americas. This event brought together activism, scholarship, and art towards the exploration of urban sites as areas of coexistence, conflict, and collaboration. From the critical poetics of body art to the occupation of public space by social movements, the event invited participants to explore the borders, identities and practices through which subjectivities, hegemonies and counter-hegemonies are constructed in the spaces of the city and beyond. The vast array of performances, exhibits, roundtables, workshops, lectures and work groups of this Encuentro were particularly interested in the ways in which bodies both interpellate and are interpellated, mobilize and are mobilized, by and around the diverse and complex ‘passions’ that are so defining of our globalized and mediatized present - fear, hatred, disenchantment, hope and faith, among others.
=520  \\$aAn avant-garde meditation on coercion and consent inspired by Gédé - the Haitian Vodou spirit of life and death - that weaves moments in Haiti’s geopolitical history with responses to Gina Ulysse's retelling of that history.
=520  \\$aGina Ulysse was trained as a cultural anthropologist, and she is also a poet/performer and multi-media artist. She deploys spoken word to both explore and push the blurred border zones between ethnography and performance. Ulysse weaves history, statistics, personal narrative, theory, with Vodou chants to address issues of social (in)justice, intersectional identities, spirituality and the dehumanization of Haitians and other marked bodies. http://www.ginaathenaulysse.com/
=534  \\$pMedia source original:$e[unknown]$m[brand unknown]
=540  \\$aThere are copyright restrictions on this collection. For more information, go to the online version of this video.
=546  \\$aIn English.
=650  \0$aVodou$xPolitical aspects$zHaiti.
=651  \0$aHaiti$xPolitics and government$vDrama.
=650  \0$aFeminism.
=650  \0$aPower (Social sciences)
=650  \0$aWomen$xSocial conditions$zHaiti.
=653  \\$aWomen -- Empowerment
=655  \7$aPerformance$2nyu-hidvl
=655  \7$aPerformance poetry$2nyu-hidvl
=700  1\$aUlysse, Gina Athena.$4cre$4prf
=710  2\$aHemispheric Institute of Performance and Politics.$4pro
=710  2\$aHemispheric Institute Digital Video Library.
=711  2\$aHemispheric Institute Encuentro$n(8th :$d2013 :$cSão Paulo, Brazil).$tCITIES | BODIES | ACTION : The politics of passion in the Americas.
=856  40$uhttp://hdl.handle.net/2333.1/tx95x8qp

